2760 4912
670 245 829 307 ...22-

194 437 211 474 «
238 406 294 479 vel
304 406 457 478 Terentii
467 412 525 478 aut
540 405 683 477 alicuius
698 412 903 491 ceterorum,
919 405 1033 499 quide
1049 406 1181 478 artibus
1201 411 1311 481 multe

195 553 210 588 ι(
240 545 347 616 opera
380 522 549 608 fecerunt,
577 530 714 614 compte
751 527 786 591 et
820 520 1050 616 pulcherrime
1083 523 1308 617 scripserunt,

194 668 211 703 «
239 637 331 709 dicta
350 636 554 731 depromere
566 643 600 707 et
612 636 657 708 ad
670 636 877 707 firmandum
886 635 978 707 hunc
996 659 1114 708 casum
1127 637 1307 712 valebunt.

112 845 115 851 ν
194 783 210 818 «
239 753 291 823 De
310 751 377 823 hoc
397 774 483 844 ergo
503 752 705 846 pronomine
725 752 773 822 ite
788 751 960 822 sententia
975 747 1312 849 servandaestquod

195 898 211 934 «
241 868 441 961 genetivum
460 860 578 938 casum
595 867 725 939 habere
745 890 814 937 non
834 866 981 961 poterit¹
1003 922 1009 936 .
1043 895 1059 932 »

240 982 408 1075 Virgilius
422 982 558 1054 videtur
566 982 652 1053 nihil
665 981 792 1076 legisse
808 981 1152 1076 praeterTolosanae
1168 985 1312 1057 scholae
1360 985 1364 993 '

64 1123 67 1130 ·
193 1098 452 1192 grammaticos.

241 1231 303 1301 Ill.
334 1232 457 1302 Partes
475 1238 592 1301 tamen
612 1231 811 1324 Scripturae
835 1253 956 1301 sacrae
981 1232 1152 1320 audierat,
1176 1234 1218 1304 de
1245 1257 1314 1327 que

191 1347 265 1440 ipse
286 1346 466 1440 loquitur:
492 1377 508 1412 «
538 1347 623 1417 Cum
644 1346 716 1418 sole
743 1347 803 1417 illo
828 1370 898 1417 non
922 1347 1104 1440 temporali
1133 1355 1222 1434 orto,
1252 1350 1314 1420 sed

198 1492 214 1526 «
243 1484 326 1532 vero
346 1469 381 1532 et
394 1462 562 1555 perhenni
580 1461 650 1531 filio
666 1461 743 1547 Dei,
761 1461 890 1532 fiumen
904 1461 989 1532 illud
1008 1464 1144 1533 vineunt
1163 1465 1316 1558 scriptu-

199 1608 215 1641 «
244 1600 304 1647 rae
325 1577 497 1665 caelestis,
514 1599 571 1648 cor
588 1576 747 1664 hominis,
767 1577 835 1648 hoc
855 1584 907 1648 est
921 1578 1025 1649 totius
1041 1579 1182 1650 humani
1202 1602 1316 1672 gene-

200 1722 216 1758 «
245 1693 305 1780 ris‚
332 1692 548 1788 laetificantis
577 1693 669 1763 omni
694 1693 829 1764 influxit
859 1700 1019 1766 terrae...
1048 1693 1073 1781 ⁹,
1104 1695 1149 1765 cf.
1182 1695 1314 1766 Psalm.

200 1839 216 1873 α
246 1806 336 1895 Clll,
357 1834 391 1879 v.
413 1807 469 1893 15,
488 1809 532 1879 Et
544 1809 661 1879 vinum
680 1807 838 1905 laetificet
850 1831 906 1879 cor
925 1808 1082 1881 hominis.

251 1952 267 1986 «
296 1924 351 1995 Ne
371 1925 558 1995 secundum
576 1909 758 2017 ⁴entiquum
777 1953 792 1989 «
815 1946 894 1995 sues
917 1925 1126 2017 margaritas
1145 1925 1315 1997 calcent»

202 2071 218 2106 n
250 2024 377 2112 etenim
392 2041 420 2111 si
438 2040 487 2110 illi
501 2039 682 2111 didicerint
695 2039 786 2109 hanc
806 2047 938 2110 sectam
958 2063 1028 2109 non
1053 2041 1209 2111 solum...
1232 2041 1320 2111 nihil

202 2191 218 2227 «
239 2157 392 2230 honoris.
402 2209 426 2227 ..
440 2155 640 2249 inpendent,
653 2178 774 2224 uerum
790 2155 893 2225 etiam
908 2178 1091 2248 porcorum
1106 2179 1201 2226 more
1218 2180 1318 2227 orna·

203 2305 219 2341 α
248 2282 341 2346 tores
361 2295 441 2343 suos
460 2269 658 2341 laniabunt³
677 2291 708 2356 »3
728 2271 772 2341 cf.
788 2271 940 2364 «Neque
958 2271 1321 2365 mittatismargaritas

204 2421 219 2457 «
242 2394 481 2487 vestrasente
508 2409 644 2480 porcos,
673 2409 717 2455 ne
742 2386 831 2457 forte
861 2386 1064 2457 conculcent
1091 2410 1152 2458 eas
1176 2388 1323 2480 pedibus

204 2536 220 2572 «
249 2505 319 2576 suis
338 2511 373 2574 et
387 2501 545 2573 conversi
564 2502 759 2594 dirumpant
777 2524 840 2572 vos
861 2529 893 2586 »,
915 2501 1046 2572 Matth.
1069 2503 1147 2588 Vll,
1170 2528 1204 2573 v.
1227 2503 1262 2574 6.

209 2644 214 2652 ·
254 2651 269 2686 «
299 2620 485 2712 Serpentes
514 2623 549 2687 et
570 2638 699 2709 pecora
721 2616 757 2686 in
780 2617 1005 2709 semplicitate
1035 2623 1138 2711 atque
1168 2619 1323 2712 pruden-

205 2767 220 2802 «
249 2735 347 2822 tia»,
370 2733 453 2806 Ccd.
478 2726 627 2804 Parisin.
654 2731 679 2801 f.
717 2732 762 2803 19
784 2738 840 2818 v⁰;
863 2731 909 2802 cf.
937 2732 1094 2804 «Estote
1122 2756 1207 2827 ergo
1235 2758 1322 2828 pru-

202 2851 323 2922 dentes
354 2850 443 2921 sicut
473 2854 662 2942 serpentes,
702 2854 738 2918 et
764 2847 936 2941 simplices
964 2847 1052 2919 sicut
1079 2849 1260 2921 columbae
1286 2879 1318 2937 »,

202 2965 330 3038 Matth.
346 2965 397 3054 X,
417 2963 473 3036 16.
865 2969 870 2976 ’
1263 2991 1264 2994 ’

252 3082 384 3153 Locum
398 3079 550 3150 Terentii
562 3100 664 3171 quem
678 3076 846 3171 Virgilius
861 3078 956 3166 citat,
968 3079 1052 3150 cod.
1067 3079 1215 3151 Parisin.
1232 3081 1257 3151 f.
1274 3081 1323 3152 37

218 3205 267 3285 v⁰‚
296 3223 311 3263 u
329 3194 431 3267 facile
453 3201 506 3265 est
529 3194 641 3263 uirum
660 3193 750 3264 uinci
766 3193 841 3264 uiro
868 3194 1003 3265 uirtutis
1022 3194 1134 3266 subito
1158 3217 1323 3288 superue-

208 3344 225 3379 ‹·‹
252 3313 403 3383 niente»
422 3308 482 3406 (cf.
503 3310 671 3396 Huemer,
692 3307 761 3380 Dz'e
783 3308 979 3404 Epiroticae,
997 3332 1032 3403 p.
1055 3309 1152 3402 527),
1177 3333 1324 3405 compa·

205 3450 284 3501 rare
303 3426 384 3498 licet
397 3423 582 3518 Euangelii
601 3423 792 3511 sententiis,
818 3453 833 3489 «
850 3424 935 3496 Cum
949 3425 1048 3496 fortis
1072 3431 1224 3497 armatus
1243 3450 1326 3497 cus-

206 3542 293 3616 todit
322 3541 447 3614 atrium
475 3562 587 3627 suum,
603 3538 639 3609 in
659 3561 744 3633 pace
764 3545 843 3611 sunt
861 3562 903 3610 ea
923 3562 1011 3633 quae
1040 3541 1204 3635 possidet.
1226 3542 1328 3614 -Si

243 3837 269 3889 1.
292 3831 413 3889 Classic.
430 3834 593 3898 auctorum,
606 3831 626 3883 t.
643 3826 680 3898 V,
695 3844 724 3901 p.
740 3829 784 3899 26,
799 3831 842 3883 27.

243 3925 270 3979 2.
292 3919 363 3978 ibid.
378 3937 406 3993 p.
424 3921 450 3973 2.

245 4014 270 4067 3.
293 4007 376 4079 ibid,
392 4024 421 4083 p.
437 4009 507 4078 100;
524 4005 663 4077 Huemer‚
679 4004 735 4061 Die
750 4004 908 4076 Epitomae
971 4023 1000 4081 p.
1014 4008 1074 4066 515.
