<?xml version="1.0" encoding="UTF-8"?>
<!DOCTYPE html PUBLIC "-//W3C//DTD XHTML 1.0 Transitional//EN"
    "http://www.w3.org/TR/xhtml1/DTD/xhtml1-transitional.dtd">
<html xmlns="http://www.w3.org/1999/xhtml" xml:lang="en" lang="en">
 <head>
  <title>
</title>
<meta http-equiv="Content-Type" content="text/html;charset=utf-8" />
  <meta name='ocr-system' content='tesseract 3.04.00' />
  <meta name='ocr-capabilities' content='ocr_page ocr_carea ocr_par ocr_line ocrx_word'/>
</head>
<body>
  <div class='ocr_page' id='page_1' title='image "./devirgiliomaron00ernagoog_0014.png"; bbox 0 0 2760 4912; ppageno 0'>
   <div class='ocr_carea' id='block_1_1' title="bbox 640 211 799 273">
    <p class='ocr_par' dir='ltr' id='par_1_1' title="bbox 640 211 799 273">
     <span class='ocr_line' id='line_1_1' title="bbox 640 211 799 273; baseline 0 -15"><span class='ocrx_word' id='word_1_1' title='bbox 640 211 799 273; x_wconf 73' lang='lat'>..11-</span> 
     </span>
    </p>
   </div>
   <div class='ocr_carea' id='block_1_2' title="bbox 155 359 1277 1161">
    <p class='ocr_par' dir='ltr' id='par_1_2' title="bbox 155 359 1277 1161">
     <span class='ocr_line' id='line_1_2' title="bbox 155 359 1276 468; baseline 0 -22"><span class='ocrx_word' id='word_1_2' title='bbox 155 359 324 446; x_wconf 90' lang='lat' dir='ltr'>simorum</span> <span class='ocrx_word' id='word_1_3' title='bbox 352 374 558 445; x_wconf 81' lang='lat' dir='ltr'>sententiam</span> <span class='ocrx_word' id='word_1_4' title='bbox 587 375 740 446; x_wconf 90' lang='lat' dir='ltr'>virorum</span> <span class='ocrx_word' id='word_1_5' title='bbox 759 379 909 461; x_wconf 90' lang='lat' dir='ltr'>secutus,</span> <span class='ocrx_word' id='word_1_6' title='bbox 932 373 1143 445; x_wconf 82' lang='lat' dir='ltr'>Tolosanum</span> <span class='ocrx_word' id='word_1_7' title='bbox 1161 374 1276 468; x_wconf 89' lang='lat' dir='ltr'>Virgi-</span> 
     </span>
     <span class='ocr_line' id='line_1_3' title="bbox 155 489 1277 586; baseline 0.002 -26"><span class='ocrx_word' id='word_1_8' title='bbox 155 491 244 560; x_wconf 90' lang='lat' dir='ltr'>lium</span> <span class='ocrx_word' id='word_1_9' title='bbox 263 511 338 560; x_wconf 90' lang='lat' dir='ltr'>esse</span> <span class='ocrx_word' id='word_1_10' title='bbox 356 496 513 560; x_wconf 90' lang='lat' dir='ltr'>nostrum</span> <span class='ocrx_word' id='word_1_11' title='bbox 540 513 680 578; x_wconf 90' lang='lat' dir='ltr'>censeo,</span> <span class='ocrx_word' id='word_1_12' title='bbox 701 489 782 583; x_wconf 92' lang='lat' dir='ltr'>quia</span> <span class='ocrx_word' id='word_1_13' title='bbox 800 498 933 561; x_wconf 88' lang='lat' dir='ltr'>certum</span> <span class='ocrx_word' id='word_1_14' title='bbox 952 496 1005 560; x_wconf 88' lang='lat' dir='ltr'>est</span> <span class='ocrx_word' id='word_1_15' title='bbox 1023 489 1178 561; x_wconf 89' lang='lat' dir='ltr'>scholam</span> <span class='ocrx_word' id='word_1_16' title='bbox 1201 490 1277 586; x_wconf 90' lang='lat' dir='ltr'>ejus</span> 
     </span>
     <span class='ocr_line' id='line_1_4' title="bbox 156 603 1276 699; baseline 0.002 -25"><span class='ocrx_word' id='word_1_17' title='bbox 156 606 195 676; x_wconf 92' lang='lat' dir='ltr'>in</span> <span class='ocrx_word' id='word_1_18' title='bbox 213 603 400 699; x_wconf 86' lang='lat' dir='ltr'>Aquitania</span> <span class='ocrx_word' id='word_1_19' title='bbox 424 604 594 692; x_wconf 90' lang='lat' dir='ltr'>floruisse,</span> <span class='ocrx_word' id='word_1_20' title='bbox 616 605 674 676; x_wconf 92' lang='lat' dir='ltr'>ubi</span> <span class='ocrx_word' id='word_1_21' title='bbox 699 603 859 693; x_wconf 88' lang='lat' dir='ltr'>Hiberni,</span> <span class='ocrx_word' id='word_1_22' title='bbox 881 604 939 699; x_wconf 94' lang='lat' dir='ltr'>qui</span> <span class='ocrx_word' id='word_1_23' title='bbox 968 628 1047 677; x_wconf 95' lang='lat' dir='ltr'>cum</span> <span class='ocrx_word' id='word_1_24' title='bbox 1078 605 1201 677; x_wconf 87' lang='lat' dir='ltr'>eadem</span> <span class='ocrx_word' id='word_1_25' title='bbox 1223 628 1276 676; x_wconf 92' lang='lat' dir='ltr'>re-</span> 
     </span>
     <span class='ocr_line' id='line_1_5' title="bbox 158 703 1272 814; baseline 0.001 -24"><span class='ocrx_word' id='word_1_26' title='bbox 158 721 265 814; x_wconf 89' lang='lat' dir='ltr'>gione</span> <span class='ocrx_word' id='word_1_27' title='bbox 302 742 406 813; x_wconf 89' lang='lat' dir='ltr'>saepe</span> <span class='ocrx_word' id='word_1_28' title='bbox 436 720 747 808; x_wconf 80' lang='lat' dir='ltr'><strong>communicabant,</strong></span> <span class='ocrx_word' id='word_1_29' title='bbox 770 720 864 791; x_wconf 84' lang='lat' dir='ltr'>iham</span> <span class='ocrx_word' id='word_1_30' title='bbox 883 703 1075 792; x_wconf 91' lang='lat' dir='ltr'>doctrinam</span> <span class='ocrx_word' id='word_1_31' title='bbox 1089 727 1272 807; x_wconf 88' lang='lat' dir='ltr'>noverunt,</span> 
     </span>
     <span class='ocr_line' id='line_1_6' title="bbox 159 834 1276 929; baseline -0.001 -22"><span class='ocrx_word' id='word_1_32' title='bbox 159 841 387 928; x_wconf 88' lang='lat' dir='ltr'>susceperunt</span> <span class='ocrx_word' id='word_1_33' title='bbox 401 842 436 906; x_wconf 90' lang='lat' dir='ltr'>et</span> <span class='ocrx_word' id='word_1_34' title='bbox 449 835 514 929; x_wconf 91' lang='lat' dir='ltr'>ipsi</span> <span class='ocrx_word' id='word_1_35' title='bbox 527 842 649 929; x_wconf 90' lang='lat' dir='ltr'>postea</span> <span class='ocrx_word' id='word_1_36' title='bbox 662 834 958 928; x_wconf 83' lang='lat' dir='ltr'>Anglo-Saxones</span> <span class='ocrx_word' id='word_1_37' title='bbox 972 835 1195 907; x_wconf 88' lang='lat' dir='ltr'>docuerunt¹.</span> <span class='ocrx_word' id='word_1_38' title='bbox 1208 834 1276 906; x_wconf 83' lang='lat' dir='ltr'>Oe-</span> 
     </span>
     <span class='ocr_line' id='line_1_7' title="bbox 158 949 1276 1044; baseline 0 -22"><span class='ocrx_word' id='word_1_39' title='bbox 158 958 274 1022; x_wconf 90' lang='lat' dir='ltr'>terum</span> <span class='ocrx_word' id='word_1_40' title='bbox 305 949 442 1022; x_wconf 87' lang='lat' dir='ltr'>videtur</span> <span class='ocrx_word' id='word_1_41' title='bbox 471 950 593 1021; x_wconf 83' lang='lat' dir='ltr'>tertius</span> <span class='ocrx_word' id='word_1_42' title='bbox 627 951 795 1044; x_wconf 82' lang='lat' dir='ltr'>Virgilius</span> <span class='ocrx_word' id='word_1_43' title='bbox 828 951 967 1044; x_wconf 90' lang='lat' dir='ltr'>propria</span> <span class='ocrx_word' id='word_1_44' title='bbox 1002 950 1115 1044; x_wconf 89' lang='lat' dir='ltr'>gloria</span> <span class='ocrx_word' id='word_1_45' title='bbox 1147 950 1276 1022; x_wconf 84' lang='lat' dir='ltr'>famam</span> 
     </span>
     <span class='ocr_line' id='line_1_8' title="bbox 158 1066 1236 1161; baseline 0.001 -26"><span class='ocrx_word' id='word_1_46' title='bbox 158 1066 314 1160; x_wconf 84' lang='lat' dir='ltr'>priorum</span> <span class='ocrx_word' id='word_1_47' title='bbox 334 1066 550 1155; x_wconf 82' lang='lat' dir='ltr'>obscurasse,</span> <span class='ocrx_word' id='word_1_48' title='bbox 572 1088 718 1161; x_wconf 91' lang='lat' dir='ltr'>quorum</span> <span class='ocrx_word' id='word_1_49' title='bbox 733 1090 840 1161; x_wconf 87' lang='lat' dir='ltr'>opera</span> <span class='ocrx_word' id='word_1_50' title='bbox 858 1067 932 1138; x_wconf 86' lang='lat' dir='ltr'>fere</span> <span class='ocrx_word' id='word_1_51' title='bbox 947 1066 1041 1139; x_wconf 91' lang='lat' dir='ltr'>solus</span> <span class='ocrx_word' id='word_1_52' title='bbox 1054 1074 1236 1139; x_wconf 90' lang='lat' dir='ltr'>memorat.</span> 
     </span>
    </p>
   </div>
   <div class='ocr_carea' id='block_1_3' title="bbox 126 1295 1318 3471">
    <p class='ocr_par' dir='ltr' id='par_1_3' title="bbox 157 1295 1276 1830">
     <span class='ocr_line' id='line_1_9' title="bbox 209 1295 1272 1391; baseline -0.001 -24"><span class='ocrx_word' id='word_1_53' title='bbox 209 1296 271 1367; x_wconf 88' lang='lat'><em>111.</em></span> <span class='ocrx_word' id='word_1_54' title='bbox 300 1295 352 1367; x_wconf 90' lang='lat' dir='ltr'>De</span> <span class='ocrx_word' id='word_1_55' title='bbox 370 1295 510 1390; x_wconf 83' lang='lat' dir='ltr'>Virgilii</span> <span class='ocrx_word' id='word_1_56' title='bbox 530 1302 644 1367; x_wconf 90' lang='lat' dir='ltr'>aetate</span> <span class='ocrx_word' id='word_1_57' title='bbox 668 1297 777 1367; x_wconf 91' lang='lat' dir='ltr'>multa</span> <span class='ocrx_word' id='word_1_58' title='bbox 789 1296 969 1389; x_wconf 84' lang='lat' dir='ltr'>ingeniose</span> <span class='ocrx_word' id='word_1_59' title='bbox 989 1296 1163 1391; x_wconf 84' lang='lat' dir='ltr'>disputata</span> <span class='ocrx_word' id='word_1_60' title='bbox 1181 1303 1272 1368; x_wconf 87' lang='lat' dir='ltr'>sunt.</span> 
     </span>
     <span class='ocr_line' id='line_1_10' title="bbox 158 1411 1276 1505; baseline -0.001 -23"><span class='ocrx_word' id='word_1_61' title='bbox 158 1412 257 1490; x_wconf 83' lang='lat' dir='ltr'>Quae</span> <span class='ocrx_word' id='word_1_62' title='bbox 270 1411 343 1505; x_wconf 90' lang='lat' dir='ltr'>ipse</span> <span class='ocrx_word' id='word_1_63' title='bbox 354 1411 457 1483; x_wconf 84' lang='lat' dir='ltr'>affert</span> <span class='ocrx_word' id='word_1_64' title='bbox 470 1413 610 1483; x_wconf 89' lang='lat' dir='ltr'>nomina</span> <span class='ocrx_word' id='word_1_65' title='bbox 619 1411 784 1499; x_wconf 91' lang='lat' dir='ltr'>virorum,</span> <span class='ocrx_word' id='word_1_66' title='bbox 796 1419 921 1483; x_wconf 88' lang='lat' dir='ltr'>autres</span> <span class='ocrx_word' id='word_1_67' title='bbox 930 1411 1115 1483; x_wconf 82' lang='lat' dir='ltr'>historicae</span> <span class='ocrx_word' id='word_1_68' title='bbox 1130 1434 1276 1505; x_wconf 88' lang='lat' dir='ltr'>quarum</span> 
     </span>
     <span class='ocr_line' id='line_1_11' title="bbox 157 1526 1274 1621; baseline -0.001 -23"><span class='ocrx_word' id='word_1_69' title='bbox 157 1528 371 1599; x_wconf 85' lang='lat' dir='ltr'>mentionem</span> <span class='ocrx_word' id='word_1_70' title='bbox 382 1527 509 1599; x_wconf 79' lang='lat' dir='ltr'>¹facere</span> <span class='ocrx_word' id='word_1_71' title='bbox 524 1526 673 1616; x_wconf 89' lang='lat' dir='ltr'>videtur,</span> <span class='ocrx_word' id='word_1_72' title='bbox 693 1528 767 1598; x_wconf 85' lang='lat' dir='ltr'>fere</span> <span class='ocrx_word' id='word_1_73' title='bbox 782 1527 913 1598; x_wconf 92' lang='lat' dir='ltr'>nullam</span> <span class='ocrx_word' id='word_1_74' title='bbox 931 1527 1044 1598; x_wconf 83' lang='lat' dir='ltr'>adhuc</span> <span class='ocrx_word' id='word_1_75' title='bbox 1063 1527 1125 1598; x_wconf 92' lang='lat' dir='ltr'>tali</span> <span class='ocrx_word' id='word_1_76' title='bbox 1143 1526 1274 1621; x_wconf 88' lang='lat' dir='ltr'>disqui-</span> 
     </span>
     <span class='ocr_line' id='line_1_12' title="bbox 158 1641 1275 1736; baseline -0.002 -22"><span class='ocrx_word' id='word_1_77' title='bbox 158 1642 276 1714; x_wconf 90' lang='lat' dir='ltr'>sitioni</span> <span class='ocrx_word' id='word_1_78' title='bbox 294 1642 407 1715; x_wconf 90' lang='lat' dir='ltr'>lucem</span> <span class='ocrx_word' id='word_1_79' title='bbox 420 1643 601 1736; x_wconf 81' lang='lat' dir='ltr'>praebent,</span> <span class='ocrx_word' id='word_1_80' title='bbox 624 1666 703 1714; x_wconf 93' lang='lat' dir='ltr'>cum</span> <span class='ocrx_word' id='word_1_81' title='bbox 717 1665 821 1736; x_wconf 90' lang='lat' dir='ltr'>saepe</span> <span class='ocrx_word' id='word_1_82' title='bbox 842 1643 1040 1715; x_wconf 89' lang='lat' dir='ltr'>obscuriore</span> <span class='ocrx_word' id='word_1_83' title='bbox 1059 1641 1162 1715; x_wconf 90' lang='lat' dir='ltr'>modo</span> <span class='ocrx_word' id='word_1_84' title='bbox 1175 1643 1275 1735; x_wconf 90' lang='lat' dir='ltr'>cogi-</span> 
     </span>
     <span class='ocr_line' id='line_1_13' title="bbox 157 1757 806 1830; baseline -0.003 0"><span class='ocrx_word' id='word_1_85' title='bbox 157 1758 256 1830; x_wconf 87' lang='lat' dir='ltr'>tandi</span> <span class='ocrx_word' id='word_1_86' title='bbox 271 1765 307 1829; x_wconf 91' lang='lat' dir='ltr'>et</span> <span class='ocrx_word' id='word_1_87' title='bbox 319 1757 490 1829; x_wconf 87' lang='lat' dir='ltr'>scribendi</span> <span class='ocrx_word' id='word_1_88' title='bbox 505 1759 661 1830; x_wconf 89' lang='lat' dir='ltr'>consulto</span> <span class='ocrx_word' id='word_1_89' title='bbox 679 1765 806 1829; x_wconf 85' lang='lat' dir='ltr'>utatur.</span> 
     </span>
    </p>

    <p class='ocr_par' dir='ltr' id='par_1_4' title="bbox 126 1871 1279 2544">
     <span class='ocr_line' id='line_1_14' title="bbox 210 1871 1277 1968; baseline 0 -24"><span class='ocrx_word' id='word_1_90' title='bbox 210 1871 258 1944; x_wconf 89' lang='lat' dir='ltr'>At</span> <span class='ocrx_word' id='word_1_91' title='bbox 281 1874 347 1945; x_wconf 88' lang='lat' dir='ltr'>tria</span> <span class='ocrx_word' id='word_1_92' title='bbox 371 1873 576 1968; x_wconf 85' lang='lat' dir='ltr'>praesertim</span> <span class='ocrx_word' id='word_1_93' title='bbox 598 1873 729 1945; x_wconf 91' lang='lat' dir='ltr'>invenit</span> <span class='ocrx_word' id='word_1_94' title='bbox 753 1873 904 1945; x_wconf 87' lang='lat' dir='ltr'>Ozanam</span> <span class='ocrx_word' id='word_1_95' title='bbox 931 1879 1138 1966; x_wconf 89' lang='lat' dir='ltr'>argumenta</span> <span class='ocrx_word' id='word_1_96' title='bbox 1155 1871 1277 1967; x_wconf 86' lang='lat' dir='ltr'>quibus</span> 
     </span>
     <span class='ocr_line' id='line_1_15' title="bbox 159 1988 1279 2081; baseline 0 -21"><span class='ocrx_word' id='word_1_97' title='bbox 159 1996 281 2061; x_wconf 89' lang='lat' dir='ltr'>noster</span> <span class='ocrx_word' id='word_1_98' title='bbox 302 1995 514 2060; x_wconf 88' lang='lat' dir='ltr'>monstratur</span> <span class='ocrx_word' id='word_1_99' title='bbox 536 1989 661 2060; x_wconf 84' lang='lat' dir='ltr'>vixisse</span> <span class='ocrx_word' id='word_1_100' title='bbox 687 1995 784 2060; x_wconf 86' lang='lat' dir='ltr'>sexto</span> <span class='ocrx_word' id='word_1_101' title='bbox 805 1988 861 2060; x_wconf 83' lang='lat' dir='ltr'>vel</span> <span class='ocrx_word' id='word_1_102' title='bbox 880 1989 1018 2058; x_wconf 89' lang='lat' dir='ltr'>demum</span> <span class='ocrx_word' id='word_1_103' title='bbox 1037 1989 1181 2081; x_wconf 90' lang='lat' dir='ltr'>septimo</span> <span class='ocrx_word' id='word_1_104' title='bbox 1201 1995 1279 2081; x_wconf 90' lang='lat' dir='ltr'>post</span> 
     </span>
     <span class='ocr_line' id='line_1_16' title="bbox 160 2101 1273 2198; baseline -0.003 -21"><span class='ocrx_word' id='word_1_105' title='bbox 160 2104 335 2177; x_wconf 78' lang='lat' dir='ltr'>Christum</span> <span class='ocrx_word' id='word_1_106' title='bbox 354 2104 506 2191; x_wconf 90' lang='lat' dir='ltr'>saeculo,</span> <span class='ocrx_word' id='word_1_107' title='bbox 529 2111 567 2175; x_wconf 90' lang='lat' dir='ltr'>ut</span> <span class='ocrx_word' id='word_1_108' title='bbox 584 2104 722 2198; x_wconf 89' lang='lat' dir='ltr'>plurimi</span> <span class='ocrx_word' id='word_1_109' title='bbox 731 2105 806 2198; x_wconf 87' lang='lat' dir='ltr'>jam</span> <span class='ocrx_word' id='word_1_110' title='bbox 826 2103 1046 2175; x_wconf 89' lang='lat' dir='ltr'>consentiunt</span> <span class='ocrx_word' id='word_1_111' title='bbox 1069 2103 1135 2172; x_wconf 84' lang='lat' dir='ltr'>viri</span> <span class='ocrx_word' id='word_1_112' title='bbox 1156 2101 1273 2174; x_wconf 92' lang='lat' dir='ltr'>docti:</span> 
     </span>
     <span class='ocr_line' id='line_1_17' title="bbox 126 2206 1277 2319; baseline -0.001 -29"><span class='ocrx_word' id='word_1_113' title='bbox 126 2296 142 2319; x_wconf 52' lang='lat'><strong>·</strong></span> <span class='ocrx_word' id='word_1_114' title='bbox 213 2221 247 2290; x_wconf 89' lang='lat'>1⁰</span> <span class='ocrx_word' id='word_1_115' title='bbox 271 2206 420 2313; x_wconf 90' lang='lat' dir='ltr'>Virgilio</span> <span class='ocrx_word' id='word_1_116' title='bbox 444 2218 629 2307; x_wconf 82' lang='lat' dir='ltr'>scribente,</span> <span class='ocrx_word' id='word_1_117' title='bbox 655 2243 725 2290; x_wconf 92' lang='lat' dir='ltr'>non</span> <span class='ocrx_word' id='word_1_118' title='bbox 743 2242 855 2313; x_wconf 89' lang='lat' dir='ltr'>pauca</span> <span class='ocrx_word' id='word_1_119' title='bbox 877 2218 1010 2312; x_wconf 90' lang='lat' dir='ltr'>priscae</span> <span class='ocrx_word' id='word_1_120' title='bbox 1038 2219 1277 2292; x_wconf 87' lang='lat' dir='ltr'>Romanorum</span> 
     </span>
     <span class='ocr_line' id='line_1_18' title="bbox 158 2333 1274 2428; baseline -0.003 -22"><span class='ocrx_word' id='word_1_121' title='bbox 158 2335 339 2428; x_wconf 89' lang='lat' dir='ltr'>religionis</span> <span class='ocrx_word' id='word_1_122' title='bbox 362 2334 549 2405; x_wconf 90' lang='lat' dir='ltr'>manebant</span> <span class='ocrx_word' id='word_1_123' title='bbox 566 2335 727 2428; x_wconf 85' lang='lat' dir='ltr'>vestigia,</span> <span class='ocrx_word' id='word_1_124' title='bbox 751 2358 830 2405; x_wconf 91' lang='lat' dir='ltr'>cum</span> <span class='ocrx_word' id='word_1_125' title='bbox 849 2333 1147 2428; x_wconf 87' lang='lat' dir='ltr'>ipse-christianus</span> <span class='ocrx_word' id='word_1_126' title='bbox 1170 2340 1274 2421; x_wconf 85' lang='lat' dir='ltr'>esset,</span> 
     </span>
     <span class='ocr_line' id='line_1_19' title="bbox 157 2450 1077 2544; baseline -0.005 -21"><span class='ocrx_word' id='word_1_127' title='bbox 157 2451 221 2523; x_wconf 90' lang='lat' dir='ltr'>sed</span> <span class='ocrx_word' id='word_1_128' title='bbox 239 2451 365 2522; x_wconf 92' lang='lat' dir='ltr'>multos</span> <span class='ocrx_word' id='word_1_129' title='bbox 383 2472 541 2544; x_wconf 90' lang='lat' dir='ltr'>paganos</span> <span class='ocrx_word' id='word_1_130' title='bbox 555 2450 610 2520; x_wconf 92' lang='lat' dir='ltr'>vel</span> <span class='ocrx_word' id='word_1_131' title='bbox 624 2450 714 2520; x_wconf 87' lang='lat' dir='ltr'>inter</span> <span class='ocrx_word' id='word_1_132' title='bbox 727 2450 897 2520; x_wconf 86' lang='lat' dir='ltr'>litteratos</span> <span class='ocrx_word' id='word_1_133' title='bbox 911 2450 1077 2520; x_wconf 89' lang='lat' dir='ltr'>nominet.</span> 
     </span>
    </p>

    <p class='ocr_par' dir='ltr' id='par_1_5' title="bbox 156 2563 1277 2890">
     <span class='ocr_line' id='line_1_20' title="bbox 207 2563 1274 2659; baseline -0.003 -23"><span class='ocrx_word' id='word_1_134' title='bbox 207 2567 245 2636; x_wconf 74' lang='lat'>2⁰</span> <span class='ocrx_word' id='word_1_135' title='bbox 255 2565 399 2638; x_wconf 90' lang='lat' dir='ltr'>Latinae</span> <span class='ocrx_word' id='word_1_136' title='bbox 409 2566 546 2638; x_wconf 89' lang='lat' dir='ltr'>litterae</span> <span class='ocrx_word' id='word_1_137' title='bbox 558 2565 681 2636; x_wconf 89' lang='lat' dir='ltr'>eodem</span> <span class='ocrx_word' id='word_1_138' title='bbox 693 2573 1077 2659; x_wconf 89' lang='lat' dir='ltr'>temporenonprorsus</span> <span class='ocrx_word' id='word_1_139' title='bbox 1086 2563 1274 2658; x_wconf 87' lang='lat' dir='ltr'>perierant,</span> 
     </span>
     <span class='ocr_line' id='line_1_21' title="bbox 156 2679 1277 2775; baseline -0.004 -22"><span class='ocrx_word' id='word_1_140' title='bbox 156 2681 240 2754; x_wconf 86' lang='lat' dir='ltr'>licet</span> <span class='ocrx_word' id='word_1_141' title='bbox 263 2704 285 2752; x_wconf 91' lang='lat' dir='ltr'>a</span> <span class='ocrx_word' id='word_1_142' title='bbox 307 2681 465 2752; x_wconf 88' lang='lat' dir='ltr'>barbaris</span> <span class='ocrx_word' id='word_1_143' title='bbox 487 2680 631 2775; x_wconf 90' lang='lat' dir='ltr'>imperio</span> <span class='ocrx_word' id='word_1_144' title='bbox 662 2680 779 2774; x_wconf 90' lang='lat' dir='ltr'>potitis</span> <span class='ocrx_word' id='word_1_145' title='bbox 802 2679 957 2773; x_wconf 86' lang='lat' dir='ltr'>graviter</span> <span class='ocrx_word' id='word_1_146' title='bbox 975 2680 1206 2751; x_wconf 88' lang='lat' dir='ltr'>comminutae</span> <span class='ocrx_word' id='word_1_147' title='bbox 1232 2679 1277 2750; x_wconf 91' lang='lat' dir='ltr'>ad</span> 
     </span>
     <span class='ocr_line' id='line_1_22' title="bbox 157 2798 510 2890; baseline -0.011 -21"><span class='ocrx_word' id='word_1_148' title='bbox 157 2798 295 2869; x_wconf 92' lang='lat' dir='ltr'>ruinam</span> <span class='ocrx_word' id='word_1_149' title='bbox 312 2804 510 2890; x_wconf 88' lang='lat' dir='ltr'>vergerent.</span> 
     </span>
    </p>

    <p class='ocr_par' dir='ltr' id='par_1_6' title="bbox 157 2908 1318 3471">
     <span class='ocr_line' id='line_1_23' title="bbox 208 2908 1275 3005; baseline -0.004 -20"><span class='ocrx_word' id='word_1_150' title='bbox 208 2914 245 2986; x_wconf 88' lang='lat'>3⁰</span> <span class='ocrx_word' id='word_1_151' title='bbox 264 2910 483 3005; x_wconf 84' lang='lat' dir='ltr'>Aldhelmus,</span> <span class='ocrx_word' id='word_1_152' title='bbox 499 2911 557 3005; x_wconf 93' lang='lat' dir='ltr'>qui</span> <span class='ocrx_word' id='word_1_153' title='bbox 572 2910 656 2982; x_wconf 89' lang='lat' dir='ltr'>obiit</span> <span class='ocrx_word' id='word_1_154' title='bbox 673 2932 765 2981; x_wconf 92' lang='lat' dir='ltr'>anno</span> <span class='ocrx_word' id='word_1_155' title='bbox 784 2917 863 3004; x_wconf 90' lang='lat' dir='ltr'>post</span> <span class='ocrx_word' id='word_1_156' title='bbox 885 2908 1057 2982; x_wconf 80' lang='lat' dir='ltr'>Christum</span> <span class='ocrx_word' id='word_1_157' title='bbox 1072 2910 1275 3005; x_wconf 90' lang='lat' dir='ltr'>septingen-</span> 
     </span>
     <span class='ocr_line' id='line_1_24' title="bbox 157 3024 1277 3120; baseline -0.005 -17"><span class='ocrx_word' id='word_1_158' title='bbox 157 3029 282 3103; x_wconf 91' lang='lat' dir='ltr'>tesimo</span> <span class='ocrx_word' id='word_1_159' title='bbox 297 3051 403 3116; x_wconf 91' lang='lat' dir='ltr'>non0,</span> <span class='ocrx_word' id='word_1_160' title='bbox 417 3027 544 3120; x_wconf 83' lang='lat' dir='ltr'>Glengi</span> <span class='ocrx_word' id='word_1_161' title='bbox 554 3025 759 3098; x_wconf 88' lang='lat' dir='ltr'>sententiam</span> <span class='ocrx_word' id='word_1_162' title='bbox 773 3027 857 3097; x_wconf 87' lang='lat' dir='ltr'>citat</span> <span class='ocrx_word' id='word_1_163' title='bbox 874 3048 977 3118; x_wconf 90' lang='lat' dir='ltr'>quam</span> <span class='ocrx_word' id='word_1_164' title='bbox 990 3025 1160 3119; x_wconf 86' lang='lat' dir='ltr'>Virgilius</span> <span class='ocrx_word' id='word_1_165' title='bbox 1180 3024 1277 3119; x_wconf 88' lang='lat' dir='ltr'>prius</span> 
     </span>
     <span class='ocr_line' id='line_1_25' title="bbox 159 3140 1318 3220; baseline -0.009 0"><span class='ocrx_word' id='word_1_166' title='bbox 159 3147 340 3220; x_wconf 86' lang='lat' dir='ltr'>citaverat.</span> <span class='ocrx_word' id='word_1_167' title='bbox 366 3142 569 3215; x_wconf 82' lang='lat' dir='ltr'>Aldhelmus</span> <span class='ocrx_word' id='word_1_168' title='bbox 584 3142 676 3213; x_wconf 90' lang='lat' dir='ltr'>enim</span> <span class='ocrx_word' id='word_1_169' title='bbox 695 3141 867 3213; x_wconf 88' lang='lat' dir='ltr'>scribebat</span> <span class='ocrx_word' id='word_1_170' title='bbox 881 3140 1069 3212; x_wconf 85' lang='lat' dir='ltr'>Eadfrido:</span> <span class='ocrx_word' id='word_1_171' title='bbox 1095 3170 1111 3207; x_wconf 78' lang='lat' dir='ltr'>u</span> <span class='ocrx_word' id='word_1_172' title='bbox 1134 3141 1171 3212; x_wconf 85' lang='lat' dir='ltr'>Si</span> <span class='ocrx_word' id='word_1_173' title='bbox 1191 3163 1275 3211; x_wconf 88' lang='lat' dir='ltr'>vero</span> <span class='ocrx_word' id='word_1_174' title='bbox 1313 3181 1318 3189; x_wconf 93' lang='lat'><strong>·</strong></span> 
     </span>
     <span class='ocr_line' id='line_1_26' title="bbox 159 3256 1278 3357; baseline -0.001 -30"><span class='ocrx_word' id='word_1_175' title='bbox 159 3292 176 3328; x_wconf 91' lang='lat'>«</span> <span class='ocrx_word' id='word_1_176' title='bbox 206 3261 392 3357; x_wconf 88' lang='lat' dir='ltr'>quippiam,</span> <span class='ocrx_word' id='word_1_177' title='bbox 419 3258 553 3330; x_wconf 86' lang='lat' dir='ltr'>inscitia</span> <span class='ocrx_word' id='word_1_178' title='bbox 573 3256 827 3351; x_wconf 88' lang='lat' dir='ltr'>suppeditante,</span> <span class='ocrx_word' id='word_1_179' title='bbox 850 3257 994 3350; x_wconf 90' lang='lat' dir='ltr'>garrula</span> <span class='ocrx_word' id='word_1_180' title='bbox 1022 3257 1176 3329; x_wconf 87' lang='lat' dir='ltr'>frontose</span> <span class='ocrx_word' id='word_1_181' title='bbox 1197 3279 1278 3328; x_wconf 90' lang='lat' dir='ltr'>con-</span> 
     </span>
     <span class='ocr_line' id='line_1_27' title="bbox 163 3366 1089 3471; baseline -0.002 -27"><span class='ocrx_word' id='word_1_182' title='bbox 163 3408 178 3444; x_wconf 85' lang='lat'>«</span> <span class='ocrx_word' id='word_1_183' title='bbox 208 3372 356 3449; x_wconf 83' lang='lat' dir='ltr'>vincitur</span> <span class='ocrx_word' id='word_1_184' title='bbox 369 3372 499 3471; x_wconf 88' lang='lat' dir='ltr'>pagina</span> <span class='ocrx_word' id='word_1_185' title='bbox 516 3372 738 3468; x_wconf 89' lang='lat' dir='ltr'>prompsisse,</span> <span class='ocrx_word' id='word_1_186' title='bbox 761 3379 799 3445; x_wconf 92' lang='lat' dir='ltr'>ut</span> <span class='ocrx_word' id='word_1_187' title='bbox 813 3366 1001 3445; x_wconf 84' lang='lat' dir='ltr'>versidicus</span> <span class='ocrx_word' id='word_1_188' title='bbox 1020 3372 1089 3444; x_wconf 89' lang='lat' dir='ltr'>ait:</span> 
     </span>
    </p>
   </div>
   <div class='ocr_carea' id='block_1_4' title="bbox 160 3714 1374 4062">
    <p class='ocr_par' dir='ltr' id='par_1_7' title="bbox 160 3714 1374 4062">
     <span class='ocr_line' id='line_1_28' title="bbox 174 3714 1374 3789; baseline -0.004 -12"><span class='ocrx_word' id='word_1_189' title='bbox 174 3726 179 3731; x_wconf 84' lang='lat'>&#39;</span> <span class='ocrx_word' id='word_1_190' title='bbox 197 3723 223 3777; x_wconf 89' lang='lat' dir='ltr'>l.</span> <span class='ocrx_word' id='word_1_191' title='bbox 243 3721 322 3777; x_wconf 72' lang='lat' dir='ltr'>a-F.</span> <span class='ocrx_word' id='word_1_192' title='bbox 338 3719 474 3789; x_wconf 88' lang='lat' dir='ltr'>Ozanam,</span> <span class='ocrx_word' id='word_1_193' title='bbox 499 3719 620 3774; x_wconf 82' lang='lat' dir='ltr'>OEuores</span> <span class='ocrx_word' id='word_1_194' title='bbox 640 3719 798 3789; x_wconf 70' lang='lat' dir='ltr'>completos,</span> <span class='ocrx_word' id='word_1_195' title='bbox 820 3724 839 3775; x_wconf 82' lang='lat' dir='ltr'>t.</span> <span class='ocrx_word' id='word_1_196' title='bbox 859 3719 904 3775; x_wconf 93' lang='lat' dir='ltr'>lV.</span> <span class='ocrx_word' id='word_1_197' title='bbox 931 3717 1041 3774; x_wconf 76' lang='lat' dir='ltr'>Ebudes</span> <span class='ocrx_word' id='word_1_198' title='bbox 1055 3714 1276 3788; x_wconf 86' lang='lat' dir='ltr'>germaniques.</span> <span class='ocrx_word' id='word_1_199' title='bbox 1367 3728 1374 3739; x_wconf 90' lang='lat'><em>·</em></span> 
     </span>
     <span class='ocr_line' id='line_1_29' title="bbox 161 3803 1277 3877; baseline -0.007 -9"><span class='ocrx_word' id='word_1_200' title='bbox 161 3810 197 3868; x_wconf 93' lang='lat' dir='ltr'>ll.</span> <span class='ocrx_word' id='word_1_201' title='bbox 213 3809 257 3865; x_wconf 85' lang='lat' dir='ltr'>Lo</span> <span class='ocrx_word' id='word_1_202' title='bbox 272 3807 455 3865; x_wconf 80' lang='lat' dir='ltr'>civilisalz&#39;on</span> <span class='ocrx_word' id='word_1_203' title='bbox 469 3807 634 3863; x_wconf 73' lang='lat' dir='ltr'>cbrdtieoae</span> <span class='ocrx_word' id='word_1_204' title='bbox 644 3808 711 3864; x_wconf 74' lang='lat' dir='ltr'>obes</span> <span class='ocrx_word' id='word_1_205' title='bbox 727 3808 767 3864; x_wconf 81' lang='lat' dir='ltr'>les</span> <span class='ocrx_word' id='word_1_206' title='bbox 782 3808 907 3877; x_wconf 74' lang='lat' dir='ltr'>loona,</span> <span class='ocrx_word' id='word_1_207' title='bbox 923 3810 950 3859; x_wconf 72' lang='grc' dir='ltr'>2θ</span> <span class='ocrx_word' id='word_1_208' title='bbox 960 3804 1079 3862; x_wconf 78' lang='lat' dir='ltr'>edition.</span> <span class='ocrx_word' id='word_1_209' title='bbox 1094 3803 1184 3873; x_wconf 87' lang='lat' dir='ltr'>Paris,</span> <span class='ocrx_word' id='word_1_210' title='bbox 1198 3807 1277 3875; x_wconf 85' lang='lat'>1855,</span> 
     </span>
     <span class='ocr_line' id='line_1_30' title="bbox 160 3892 1279 3972; baseline -0.002 -20"><span class='ocrx_word' id='word_1_211' title='bbox 160 3917 191 3972; x_wconf 87' lang='lat' dir='ltr'>p.</span> <span class='ocrx_word' id='word_1_212' title='bbox 208 3899 340 3967; x_wconf 84' lang='lat'>483-487,</span> <span class='ocrx_word' id='word_1_213' title='bbox 357 3899 417 3952; x_wconf 85' lang='lat'>497.</span> <span class='ocrx_word' id='word_1_214' title='bbox 443 3927 476 3938; x_wconf 94' lang='lat'>-</span> <span class='ocrx_word' id='word_1_215' title='bbox 491 3895 523 3953; x_wconf 88' lang='lat' dir='ltr'>C.</span> <span class='ocrx_word' id='word_1_216' title='bbox 547 3896 799 3969; x_wconf 83' lang='lat' dir='ltr'>Marty-Laveanx,</span> <span class='ocrx_word' id='word_1_217' title='bbox 818 3895 1018 3967; x_wconf 73' lang='lat' dir='ltr'>Bibliotheque</span> <span class='ocrx_word' id='word_1_218' title='bbox 1044 3893 1082 3950; x_wconf 90' lang='lat' dir='ltr'>de</span> <span class='ocrx_word' id='word_1_219' title='bbox 1096 3892 1201 3950; x_wconf 88' lang='lat' dir='ltr'>l&#39;Eoole</span> <span class='ocrx_word' id='word_1_220' title='bbox 1226 3893 1279 3950; x_wconf 89' lang='lat' dir='ltr'>des</span> 
     </span>
     <span class='ocr_line' id='line_1_31' title="bbox 161 3985 902 4062; baseline -0.008 -15"><span class='ocrx_word' id='word_1_221' title='bbox 161 3988 294 4058; x_wconf 74' lang='lat' dir='ltr'>Chartae,</span> <span class='ocrx_word' id='word_1_222' title='bbox 308 3988 329 4042; x_wconf 87' lang='lat' dir='ltr'>t.</span> <span class='ocrx_word' id='word_1_223' title='bbox 345 3986 381 4057; x_wconf 93' lang='lat' dir='ltr'>V,</span> <span class='ocrx_word' id='word_1_224' title='bbox 395 3988 421 4040; x_wconf 64' lang='grc' dir='ltr'>2ο</span> <span class='ocrx_word' id='word_1_225' title='bbox 435 3985 522 4056; x_wconf 79' lang='lat' dir='ltr'>serie,</span> <span class='ocrx_word' id='word_1_226' title='bbox 539 3987 702 4052; x_wconf 81' lang='lat'><strong>1848-1849,</strong></span> <span class='ocrx_word' id='word_1_227' title='bbox 717 4002 747 4062; x_wconf 93' lang='lat' dir='ltr'>p.</span> <span class='ocrx_word' id='word_1_228' title='bbox 764 3989 825 4056; x_wconf 85' lang='lat'>378,</span> <span class='ocrx_word' id='word_1_229' title='bbox 842 3988 902 4041; x_wconf 85' lang='lat'><strong>379.</strong></span> 
     </span>
    </p>
   </div>
   <div class='ocr_carea' id='block_1_5' title="bbox 0 0 1388 4912">
    <p class='ocr_par' dir='ltr' id='par_1_8' title="bbox 0 0 1388 4912">
     <span class='ocr_line' id='line_1_32' title="bbox 0 0 1388 4912; baseline 0 0"><span class='ocrx_word' id='word_1_230' title='bbox 0 0 1388 4912; x_wconf 95' lang='lat' dir='ltr'> </span> 
     </span>
    </p>
   </div>
  </div>
 </body>
</html>
