2760 4912
609 225 768 288 -ta-
1287 220 1292 349 l

185 387 335 481 «Digna
361 387 423 459 fiat
439 386 547 459 fante
560 385 710 480 Glengio
739 408 854 482 gurgo
880 387 992 482 fugax
1015 388 1209 461 fambulo¹.
1232 417 1248 454 »
1290 378 1292 477 f

131 502 262 576 Noster
279 510 396 574 autem
418 502 454 572 in
484 500 632 596 epistula
654 502 808 574 secunda
829 503 1035 598 scripserat:
1065 532 1084 571 «
1103 504 1251 576 Verum·

135 648 152 684 «
179 626 309 706 tamen,
327 641 371 690 ne
385 617 422 688 in
439 616 523 689 illud
542 615 670 712 Glengi
688 617 860 706 incedam,
882 619 975 712 quod
997 618 1139 691 cuidam
1167 642 1251 692 con-

135 761 152 800 «
179 733 308 806 flictum
331 732 478 828 fugienti
501 733 616 805 dicere
637 732 784 804 fidenter
810 755 915 805 ausus
934 741 987 806 est
1013 732 1172 831 θηρῶ,
1197 735 1250 806 in-

132 876 150 915 «
178 849 262 943 quit,
291 848 404 945 fugat·
426 846 566 943 [αὐιιίο3
588 845 710 945 dc'pnm
732 859 791 936 est,
818 871 932 943 pauca
953 849 1016 921 tibi
1039 849 1091 922 tui
1108 850 1245 946 negotii

134 994 151 1030 «
178 964 380 1036 necessaria
398 964 441 1036 do
455 963 659 1058 pronomine
674 963 955 1058 profabulabor⁸.
984 991 1000 1031 n
1276 976 1279 988 ·

181 1078 337 1173 Glengus
355 1086 432 1151 erat
449 1087 549 1173 pater
569 1079 774 1150 Maximiani
792 1102 894 1174 quem
912 1080 1081 1174 Virgilius
1095 1092 1251 1154 nosram

131 1193 316 1289 appellat¹⁵,
337 1201 373 1266 et
389 1195 479 1266 forte
493 1195 529 1264 in
544 1193 666 1266 eadem
677 1195 776 1282 urbe,
792 1201 935 1266 atcerte
950 1196 1074 1268 eodem
1090 1203 1250 1292 tempore

131 1309 290 1381 vivebat:
327 1339 343 1376 «
365 1310 479 1381 Multa
497 1331 601 1403 super
624 1310 722 1380 verbi
740 1309 981 1403 explanatione
1003 1312 1154 1384 concilia
1167 1320 1251 1407 aput

134 1424 359 1497 «Romanos
390 1425 511 1511 hahita
544 1447 620 1496 esse
657 1425 898 1518 comperimus
935 1425 1057 1519 quibus
1084 1427 1186 1499 multi
1218 1433 1253 1499 et

134 1569 150 1606 «
178 1540 397 1634 famosissimi
419 1541 602 1635 praefuere
625 1539 703 1627 viri,
738 1540 909 1611 lulianum
935 1541 1033 1628 dico,'
1046 1549 1090 1613 'et
1111 1541 1251 1614 Teren-

134 1684 150 1721 «
179 1655 278 1743 tium,
296 1655 518 1750 Galbungum
537 1662 573 1727 et
587 1655 777 1748 Glengnm,
795 1662 830 1727 et
845 1655 931 1726 duos
945 1655 1150 1750 Gregorios,
1173 1658 1251 1730 Re-

134 1800 150 1836 «
179 1769 301 1863 gulum
315 1779 350 1842 et
367 1771 550 1864 Reginum
564 1770 775 1859 Cornelium,
792 1771 904 1840 virum
918 1771 1001 1843 satis
1013 1771 1250 1868 eloquentem,

133 1915 150 1952 «
179 1908 329 1979 graecae
343 1894 387 1964 Aet
404 1886 589 1957 hebraicae
609 1885 750 1978 linguae
770 1887 1060 1980 promptissimum
1074 1886 1250 1982 interpre-

133 2030 150 2067 «
177 2007 271 2089 tem3
294 2002 391 2073 ouius
405 2001 440 2071 in
458 2000 565 2073 latino
581 2023 740 2072 sermone
754 2000 873 2094 fulgor
884 2002 1017 2094 ingenii
1030 2009 1148 2074 tantus
1158 2012 1249 2091 erat,

134 2145 151 2182 «
179 2122 217 2187 ut
234 2116 320 2188 nihil
339 2117 523 2188 obscurum
538 2116 733 2208 relinquere
747 2116 941 2188 videretur:
961 2117 1018 2211 qui
1036 2141 1092 2189 me
1111 2141 1252 2214 quoque

133 2261 150 2298 «
179 2237 214 2302 et
224 2231 310 2303 duos
321 2231 411 2303 filios
423 2231 565 2318 Juhani,
583 2232 756 2302 Donatum
772 2232 1048 2324 grammaticum,
1062 2239 1098 2303 et
1111 2233 1251 2305 Donem

133 2377 149 2414 «
177 2347 271 2441 prius
289 2347 464 2418 rhetorem
483 2347 584 2417 simul
610 2353 644 2417 et
669 2346 947 2439 grammaticum,
968 2354 1090 2441 postea
1108 2347 1250 2421 fidelem

132 2492 149 2527 «
176 2462 280 2532 modo
304 2463 557 2556 presbyterum,
584 2461 629 2532 ad
654 2484 691 2531 se
723 2462 901 2534 venientes
928 2463 1176 2556 benignissime
1207 2488 1249 2536 ac

132 2607 148 2642 «
176 2577 414 2648 liberahssimo
437 2577 626 2671 suscipiens
645 2577 761 2648 docuit
780 2576 882 2670 pleno
896 2579 1109 2650 rhetoricam
1127 2604 1250 2656 mense

132 2721 148 2758 «
179 2699 304 2779 artem,
322 2692 438 2763 etalio
453 2691 638 2786 poeticam,
657 2691 746 2763 etde
761 2692 1209 2786 reliquisgrammaticaml.
1231 2727 1247 2764 »

176 2806 373 2878 Ennodium
401 2808 600 2901 episcopum
623 2807 855 2896 Ticinensem,
877 2809 935 2901 qui
955 2808 1039 2880 obiit
1061 2831 1154 2882 anno
1168 2822 1250 2907 post

128 2922 302 2994 Christum
334 2923 611 3017 quingentesimo
651 2922 819 3025 vigesimo
847 2924 972 3017 primo,
1014 2924 1050 2995 in
1087 2927 1250 3000 Aeneam

128 3038 395 3132 grammaticum
412 3037 552 3131 Virgilii
569 3043 832 3132 praeceptorem
853 3039 1068 3132 epigramma
1099 3064 1247 3137 compo-

164 3369 189 3421 1.
211 3361 296 3434 lhid.‚
312 3380 342 3436 p.
359 3365 420 3434 496,
437 3361 468 3418 in
483 3366 560 3419 nota.

162 3457 188 3507 2.
209 3451 252 3509 cf.
271 3472 281 3502 α
300 3451 456 3523 sepissime
471 3466 576 3508 uersus
594 3451 654 3508 mei
669 3451 744 3508 soliti
765 3451 936 3508 meminisse
968 3452 1128 3526 compellor
1154 3473 1249 3529 quem

125 3541 297 3613 frequenter
318 3541 349 3595 in
377 3538 630 3612 expmbrationem
644 3540 733 3596 nostri
746 3540 887 3613 temporis
900 3556 1067 3613 purpurium
1093 3542 1245 3603 decanto»

128 3629 205 3701 (Cod.
223 3627 344 3684 Parisin.
361 3627 381 3682 f.
395 3631 438 3698 16,
458 3629 497 3696 νο)
512 3632 541 3683 et
558 3643 682 3701 «propo,
695 3628 831 3700 garrulus
848 3648 859 3680 r
876 3629 907 3683 in
922 3629 1008 3700 gloss.
1025 3629 1160 3704 Amplon.

161 3722 186 3773 3.
206 3718 250 3772 An
264 3716 424 3787 legendum
435 3715 552 3787 pabulo,
569 3716 605 3771 cf.
620 3716 768 3789 podatum,
782 3716 958 3790 patibulum,
974 3732 1056 3788 crux,
1073 3720 1220 3784 eculeus?

49 3872 51 3878 Α
163 3810 187 3861 4.
211 3805 407 3862 oleastrorum
422 3812 605 3861 auctorum...
622 3809 642 3862 t.
657 3805 692 3874 V,
705 3822 736 3879 p.
753 3809 797 3860 22.

161 3898 187 3950 5.
209 3893 294 3964 ibid,
307 3911 336 3967 p.
353 3895 397 3948 90.

161 3987 187 4045 6.
208 3981 293 4052 ibid„
308 3997 338 4067 p.
355 3985 399 4053 37,
415 3985 458 4038 38.
