2760 4912
613 211 769 275 ..33-

102 346 116 363 ’
133 408 149 443 «
179 384 243 464 est,
257 381 396 470 praeter
406 375 532 446 usitata
539 372 802 467 verba,'aliquid
809 372 924 469 eloqui
932 373 1005 446 sine
1019 375 1178 470 exemplo
1193 403 1209 441 »
1221 375 1230 411 ¹
1235 397 1246 463 ;

133 499 170 564 at
187 492 261 563 fere
279 490 479 586 quidquido
496 489 672 584 magistris
690 495 750 561 aut
770 488 889 561 amicis
907 488 977 562 suis
989 513 1079 562 vane
1099 490 1252 564 effictum

130 607 377 701 erat,latinum
395 627 591 676 sermonem
607 601 732 676 ornare
746 612 780 677 et
796 605 906 676 ditare
922 605 1099 695 censebat,
1113 614 1173 678 aut
1186 608 1253 679 sal-

128 729 200 794 tem
222 723 267 793 ad
293 721 447 814 tegenda
474 720 652 792 doctrinae
678 721 845 815 mysteria
866 719 1083 793 utilissimum
1110 729 1249 816 putans

129 844 253 909 contra
272 836 436 931 profanos
450 859 698 930 nonnunquam
713 836 882 908 acerrime
898 836 1120 910 defendebat.

183 982 198 1019 «
229 952 526 1046 Respondendum
551 975 632 1023 reor
649 951 715 1023 hiis
744 952 802 1046 qui
819 957 889 1024 nos
902 952 1049 1047 profano
1074 959 1110 1025 et
1128 952 1251 1026 canino

135 1100 151 1135 «
180 1092 240 1139 ore
259 1069 389 1139 latrant
407 1091 448 1140 ac
460 1067 631 1156 lacerant,
652 1067 806 1140 dicentes
819 1067 931 1141 nosin
945 1069 1103 1170 omnibus
1122 1070 1252 1141 artibus

135 1215 151 1250 «
181 1183 401 1256 contraditos
428 1183 539 1256 videri
566 1183 666 1255 nobis
690 1183 851 1271 invicem,
884 1207 963 1257 cum
981 1184 1018 1256 id
1049 1185 1142 1280 quod
1164 1184 1252 1258 alius

136 1330 152 1366 «
182 1299 348 1387 affirmat,
370 1298 457 1370 alius
472 1299 650 1370 destruere
679 1299 849 1385 videatur,
874 1299 1068 1374 nescientes
1087 1301 1179 1396 quod
1196 1301 1252 1372 la-

135 1446 151 1482 «
179 1416 296 1488 tinitas
324 1421 422 1486 tanta
449 1414 493 1487 sit
520 1422 555 1486 et
582 1421 654 1486 tam
687 1416 927 1509 profundant
950 1416 1067 1489 multis
1085 1417 1252 1490 modisac

135 1562 152 1599 «
181 1531 355 1602 fanisfaris
375 1531 548 1624 explicare
567 1532 723 1602 sensibus
744 1554 887 1603 necesse
909 1532 965 1604 sit.
983 1532 1067 1611 Quis
1088 1533 1180 1605 enim
1198 1532 1253 1605 la·
1302 1524 1305 1528 ’

135 1680 151 1714 «
180 1647 350 1719 tinitatem
370 1653 528 1718 sensatus
550 1653 648 1740 putet
675 1654 747 1718 tam
765 1655 950 1741 angustam
977 1648 1252 1743 habentemque

136 1795 152 1830 «
182 1770 344 1850 artatam,
372 1769 410 1833 ut
437 1763 703 1857 unumquodque
732 1764 877 1835 verbum
910 1787 980 1835 uno
1005 1771 1140 1836 tantum
1162 1764 1251 1837 fario

136 1911 152 1947 «
182 1901 319 1972 unoque
332 1901 435 1949 sensu
455 1884 654 1949 contentum
670 1901 746 1949 esse
760 1878 939 1950 videaturi
952 1880 1163 1951 Praesertim
1173 1904 1252 1952 cum

136 2027 152 2062 «
180 1994 360 2066 latinitatis
370 1993 475 2087 ipsius
490 2016 623 2087 genera
637 1994 818 2065 duodecim
833 2017 977 2066 numero
988 1994 1194 2083 habeantur,
1217 2004 1253 2068 et

135 2143 151 2179 «
181 2110 449 2204 unumquodque
469 2132 580 2204 genus
607 2109 733 2181 multas
761 2110 797 2180 in
820 2132 896 2181 sese
920 2110 1170 2204 complectatur
1190 2134 1251 2183 ar-

135 2258 151 2295 «
180 2234 233 2299 tes
251 2255 266 2291 r
284 2230 314 2297 ².

180 2341 357 2415 Interdum
376 2347 493 2412 tamen
512 2363 654 2412 suorum
675 2341 832 2413 fictiones
858 2340 1103 2435 reprehendit:
1125 2371 1141 2408 «
1164 2341 1252 2415 Sunt

136 2491 152 2527 «
182 2458 255 2554 qui.
273 2510 304 2526 ..
337 2454 441 2553 frede.
459 2510 491 2526 ..
522 2456 694 2528 scribendi
712 2456 780 2528 hoc
807 2457 1032 2528 moderantur
1061 2458 1177 2547 mod0,
1202 2458 1250 2529 di-

136 2607 152 2643 «
181 2582 299 2647 centes
318 2572 478 2644 vinrinco
501 2601 516 2637 a
543 2571 617 2666 [pro
645 2573 745 2644 vinco
773 2572 887 2667 vinco]
908 2602 924 2639 α
951 2574 1039 2645 etin
1062 2574 1249 2668 praeterito

136 2722 152 2758 «
180 2690 307 2763 vivinci
318 2712 327 2776 3
345 2697 380 2760 et
393 2688 442 2760 sic
458 2688 547 2759 dicio
569 2695 604 2759 et
623 2688 745 2774 dixixi3
770 2688 900 2781 legego
920 2695 956 2759 et
978 2689 1114 2782 legegi.
1130 2742 1138 2760 .
1155 2743 1187 2760 ..
1213 2697 1252 2762 ut

136 2837 152 2874 «
181 2829 243 2901 pro
263 2805 401 2877 clamito
435 2811 470 2876 et
498 2804 612 2876 vocito
631 2804 785 2875 habeant
812 2803 982 2875 clamamo
998 2809 1198 2876 etvocaco³
1216 2812 1252 2877 et

135 2953 151 2989 «
180 2923 245 2993 sic.
263 2975 295 2991 ..
322 2919 527 2994 clamamavi
545 2928 580 2991 et
592 2919 776 2991 rocacari.
802 2919 901 2998 Quod
920 2920 1001 3014 quia
1015 2919 1112 2991 nullu
1130 2920 1251 2992 verita-

134 3068 150 3104 «
180 3035 406 3109 tcsubnr'nunr
431 3047 532 3133 utque
562 3032 740 3131 srrffultum
763 3046 821 3123 est,
840 3059 910 3106 non
934 3034 980 3106 ad
1006 3036 1250 3107 auctoritatem
1352 3116 1355 3121 .

134 3184 150 3220 «
179 3153 241 3224 sed
262 3153 305 3223 ad
334 3152 596 3244 ambiguitatem
622 3151 847 3222 ‘scribendum
878 3157 942 3222 est.
981 3150 1102 3223 Solent
1132 3157 1251 3222 tamen

135 3300 152 3336 «
181 3268 290 3339 nostri
308 3290 419 3362 paene
435 3289 554 3337 omnes
568 3265 604 3336 in
622 3266 692 3337 suis
707 3266 859 3360 scriptis.
875 3320 883 3335 .
900 3320 908 3337 .
930 3267 1038 3338 verba
1051 3288 1248 3356 conserere,

136 3414 152 3451 «
182 3407 270 3478 quae
301 3383 415 3455 vitioso
442 3392 600 3455 consuetu
631 3389 741 3452 tama
764 3381 937 3453 veteribus
969 3405 1074 3476 quam
1101 3382 1251 3453 etiama

135 3531 151 3566 «
181 3498 376 3572 recentibus
402 3498 626 3570 scribtoribus
650 3497 782 3569 inserta
806 3503 886 3570 sunt
912 3497 1038 3570 multas
1056 3503 1094 3569 ut
1113 3519 1194 3568 reor
1205 3498 1249 3570 ob

168 3733 195 3785 1.
214 3726 370 3800 Appendr'rr
386 3728 530 3799 colopene
545 3724 678 3782 editccb
694 3725 801 3796 Anqelo
817 3725 901 3782 Maio
916 3743 945 3800 p.
955 3729 1017 3782 131.

168 3821 194 3877 2.
216 3817 371 3889 Appendix
383 3816 424 3872 cd
438 3831 528 3888 opera
546 3815 625 3870 edito
638 3813 674 3870 ab
685 3813 794 3884 Anneio
810 3814 903 3886 Maio,
918 3831 947 3888 p.
964 3818 1026 3871 127.

169 3910 195 3961 3.
216 3905 293 3963 Cum
307 3905 353 3962 his
364 3905 465 3962 formis
479 3903 613 3961 conferre
627 3903 696 3960 licet
710 3904 801 3960 δοκικῶ
815 3903 894 3978 apud
908 3903 1034 3961 comicos
1052 3917 1182 3977 graecos,
1198 3917 1252 3977 pro

132 3999 210 4052 δοκῶ.

288 4111 414 4163 Ennium.
433 4110 471 4161 De
487 4107 592 4172 Virqilio
609 4108 721 4159 Marone.
1081 4107 1096 4158 ³
