2738 4936
669 210 828 274 -34..

194 401 210 440 «
238 395 427 445 causas...
457 380 496 444 ut
515 372 647 445 scilicet
665 373 815 444 lectores
843 373 1033 466 impediant
1060 424 1115 440 ...
1142 371 1199 442 vel
1218 378 1313 442 certe

193 516 210 553 «
238 495 276 558 ut
293 488 360 560 hac
380 487 580 561 difficultate
599 488 811 559 audientium
830 511 871 558 ac
889 487 1081 581 legentium
1101 485 1236 557 animos
1256 509 1315 556 ex-

194 631 210 668 «
239 603 357 674 citent.
378 602 416 668 »¹
437 603 646 675 Infinitivum
666 626 729 697 pro
763 603 887 673 ceteris
915 600 1174 696 conjugationis
1194 600 1317 672 formis

190 717 296 790 tradit
310 717 394 812 poni
415 748 431 785 «
453 718 643 791 secundum
666 717 827 789 vitiosam
849 716 1136 789 consuetudinem
1157 743 1174 780 u
1186 717 1210 804 ¹,
1236 723 1311 788 etc.

239 832 291 904 Da
315 815 490 928 quattuor,
507 856 596 928 quae
624 833 729 904 modo
757 832 840 920 dixi,
860 832 1000 927 Virgilii
1029 831 1318 903 documentorum

80 938 83 943 ’
192 949 378 1042 generibus
392 971 505 1043 pauca
514 955 648 1020 tantum
662 947 822 1042 exempla
837 947 1026 1042 proferam,
1040 945 1148 1017 multo
1159 945 1316 1040 pluribus

192 1063 340 1152 omissio,
356 1063 400 1135 de
419 1064 543 1158 quibus
557 1063 638 1158 jure
653 1063 803 1135 dubitari
816 1070 943 1157 potest,
961 1086 1003 1134 ex
1028 1085 1096 1156 quo
1121 1061 1218 1133 fonte
1237 1069 1317 1134 orta

192 1179 271 1252 sint.
877 1250 884 1261 .

244 1323 260 1360 «
289 1292 454 1390 Quaestio
468 1294 567 1366 nobis
582 1293 754 1387 ingeritur
767 1317 829 1365 cur
854 1294 913 1365 uni
932 1294 1062 1365 nomini
1080 1292 1315 1365 nominativus

197 1440 213 1476 «
242 1409 428 1503 singularis
460 1432 561 1482 casus
590 1409 807 1504 repperiatur
833 1409 972 1504 duplex,
1001 1432 1080 1481 cum
1100 1432 1163 1504 per
1195 1431 1317 1479 omnes

197 1555 213 1591 «
243 1547 344 1596 casus
361 1548 432 1596 una
450 1524 641 1620 eademque
660 1525 704 1597 sit
735 1525 933 1613 declinatio,
957 1533 996 1597 ut
1027 1524 1171 1596 dicimus
1190 1547 1273 1617 sepe
1295 1551 1312 1587 »

196 1639 286 1734 (lege
309 1637 415 1738 seper)
439 1641 569 1735 «sepis
592 1647 627 1713 et
640 1664 719 1735 seps
751 1640 858 1734 sepis.
876 1694 907 1709 ..
942 1640 1026 1712 item
1044 1663 1166 1734 preces
1186 1637 1315 1733 precis,

165 1750 168 1754 ’
197 1784 213 1820 «
242 1779 328 1849 prex
345 1756 472 1850 precis,
493 1756 594 1829 sedes
631 1756 735 1844 sedis,
755 1765 790 1829 et
821 1780 877 1828 ses
891 1756 994 1844 sedis,
1017 1763 1053 1827 et
1085 1763 1215 1827 cetera.
1237 1754 1317 1826 Hoc

197 1901 213 1936 «
241 1871 390 1942 maxime
401 1877 543 1965 propter
552 1872 1007 1960 metrorumnecessitatem,
1018 1871 1213 1965 pedumque
1221 1893 1318 1940 men-

197 2015 214 2051 «
243 1985 472 2058 surandorum
486 2009 528 2059 ac
564 1994 761 2082 temporum
788 1988 1007 2082 positionem,
1034 1987 1213 2080 accipitur.
1237 1985 1317 2057 Hoc

197 2131 213 2168 «
241 2108 359 2173 tamen
373 2101 563 2192 sciendum,
581 2102 674 2198 quod
705 2103 839 2199 quoties
864 2103 997 2175 dicatur
1018 2126 1132 2196 sepes,
1160 2101 1317 2195 lapidum

198 2247 214 2282 «
243 2217 446 2289 ostendatur
463 2218 634 2290 materia:
658 2242 737 2290 cum
763 2226 880 2290 autem
899 2219 1070 2291 scribatur
1083 2240 1176 2312 sepa,
1197 2216 1317 2310 ligno-

198 2362 214 2398 «
243 2355 321 2403 rum
339 2355 477 2426 semper
500 2333 577 2405 erit.
618 2333 675 2406 Sic
699 2358 777 2405 cum
805 2334 889 2405 dicis
917 2357 1054 2428 preces,
1083 2331 1259 2426 impudica
1281 2339 1318 2403 et

199 2477 215 2513 «
243 2470 374 2540 procax
387 2448 453 2519 erit
467 2454 502 2520 et
520 2449 634 2520 malae
652 2448 704 2521 rei
723 2450 872 2520 maxime
890 2448 1097 2543 postulatio:
1117 2454 1152 2519 et
1166 2470 1252 2541 prex
1271 2445 1318 2517 ad

197 2592 215 2646 «
243 2562 372 2634 bonam
385 2585 522 2657 semper
539 2548 674 2658 partem
692 2565 873 2658 dirigetur.
897 2565 954 2636 Sic
973 2571 1009 2636 et
1020 2564 1121 2635 sedes
1136 2586 1216 2635 cum
1226 2562 1319 2634 dica-

199 2705 215 2742 «
244 2684 313 2766 tur,
345 2677 509 2772 simplicis
541 2686 577 2751 et
594 2680 852 2774 qualiscumque
884 2679 952 2752 loci
975 2686 1039 2767 est,
1066 2678 1123 2751 cui
1137 2679 1212 2773 quis
1229 2677 1318 2750 insi-

200 2822 215 2859 «
244 2791 347 2864 deat:
369 2800 407 2864 at
431 2816 499 2882 sec,
524 2794 668 2867 alterius
695 2795 940 2890 conpositionis
964 2795 1164 2889 altiorisque
1183 2794 1253 2865 loci
1271 2794 1318 2866 ad

198 2936 214 2973 «
243 2907 432 2980 sedendum
445 2911 570 3003 parati,
588 2911 680 3005 quod
692 2934 820 3004 graece
841 2911 964 2982 dicitur
978 2911 1124 2983 thronus
1142 2930 1149 2980 :
1172 2908 1319 2981 undeet

198 3052 214 3089 «
243 3023 302 3118 qui
314 3022 350 3094 in
369 3047 412 3095 eo
427 3025 525 3097 sedet
549 3027 659 3114 thors,
679 3026 716 3097 id
734 3034 787 3098 est
814 3049 886 3114 rex,
914 3027 1177 3097 nominatur...
1205 3027 1317 3097 Immo

198 3167 214 3203 «
242 3137 310 3210 hoc
328 3138 485 3211 addimus
495 3141 586 3234 quod
600 3148 671 3214 tres
688 3141 745 3212 vel
755 3149 916 3235 quattuor
931 3140 1317 3235 declinationespleris-

198 3281 214 3318 «
243 3275 310 3347 que
345 3254 540 3327 nominibus
576 3257 750 3345 eveniant,
780 3256 868 3328 sicut
903 3264 956 3328 est
980 3256 1125 3343 laetitia,
1147 3255 1313 3344 laetities,

181 3354 215 3434 ⁸«
243 3367 428 3443 laetamen.
461 3369 532 3443 Sed
555 3372 725 3465 quaedam
753 3395 873 3443 eorum
900 3371 1144 3443 discretionem
1167 3371 1312 3459 habent,

198 3512 215 3549 «
244 3483 415 3576 quaedam
431 3508 515 3557 vero
534 3494 676 3579 propter
690 3487 799 3558 solam
812 3487 1048 3558 inventionem
1066 3486 1172 3559 scribi
1192 3485 1315 3558 dicun-

198 3625 214 3661 «
243 3604 322 3684 tur;
341 3599 434 3692 quod
446 3607 564 3672 tamen
577 3623 599 3671 a
612 3601 784 3695 plerisque
799 3601 981 3674 doctorum
994 3600 1071 3674 fieri
1083 3601 1224 3674 omnino
1238 3625 1314 3696 pos·

228 3880 255 4018 ἓ.
274 3879 430 4024 {lgrqcndic
444 3881 484 3937 ad
496 3897 585 3953 opera
598 3882 678 3939 editu
691 3881 728 3939 ab
741 3883 847 3956 Anqclo
862 3884 955 3956 Maio,
973 3900 1002 3957 p.
1019 3885 1081 3954 129,
1099 3885 1161 3939 130.

230 4006 253 4035 ,.
309 3967 318 4024 i
342 3984 391 4041 .p.
414 3971 476 4024 135.
1065 4011 1067 4014 <
