2738 4936
613 158 753 220 ..9-

125 325 249 414 ceptor
258 319 401 414 jusserit
419 319 607 414 deponere,
634 325 673 391 ut
690 326 812 414 postea
835 320 989 392 adultum
1004 343 1041 393 se
1059 321 1244 395 Maronem

125 436 412 528 cognominatum
429 457 506 507 esse
526 434 601 529 ipse
615 442 747 508 narrat.
769 435 880 514 Quem
902 437 931 508 si
944 436 1056 530 leges,
1072 437 1244 509 dubitabis

125 551 217 622 sitne
231 573 315 622 casu
340 558 376 623 et
392 551 591 645 imprudens
609 551 729 644 magni
756 552 799 623 Ρ.
825 551 973 645 Vergilii
1000 552 1156 624 Maronis
1182 576 1244 623 no·

124 666 222 737 mina
236 666 393 760 adeptus,
414 673 558 738 atcerte
572 665 756 759 intelleges
771 690 850 737 eum
862 690 928 738 nec
942 666 1046 739 rebus
1055 690 1120 738 uec
1134 668 1244 739 homi·

123 781 228 852 nibus
254 804 339 853 vera
361 781 534 854 vocabula
558 781 709 854 tribuere
735 781 886 854 solitum.
922 812 939 849 1
957 783 1094 855 Primus
1178 783 1244 854 suit

127 925 145 962 «
176 897 316 991 quidam
333 919 441 968 senex
453 897 611 969 Donatus
625 897 717 991 apud
731 897 885 985 Troiam,
905 920 1007 992 quern
1020 898 1137 971 ferunt
1150 898 1242 969 mille

127 1041 146 1079 «
174 1011 301 1084 vixisse
319 1034 441 1083 annos.
464 1012 531 1083 Hic
546 1035 626 1084 cum
639 1012 684 1084 ad
702 1011 903 1101 Romulum,
920 1033 942 1084 6
956 1036 1023 1107 quo
1037 1013 1175 1086 condita
1190 1022 1244 1087 est

127 1157 146 1194 «
176 1127 292 1199 Roma
320 1128 416 1215 urbs,
439 1127 602 1215 venisset,
633 1128 924 1220 gratulantissime
948 1130 992 1200 ab
1021 1129 1144 1200 eodem
1164 1151 1242 1202 sus-

128 1271 145 1308 «
175 1249 307 1336 ceptus,
332 1243 424 1313 ‚llll
444 1244 624 1315 continuos
646 1242 692 1314 ibi
716 1243 800 1315 fecit
825 1267 946 1330 annos,
973 1244 1128 1315 scholam
1156 1268 1242 1316 con-

128 1388 147 1424 «
176 1365 358 1430 struenset
376 1357 640 1449 innumerabilia
653 1358 819 1452 opuscula
828 1359 1027 1453 relinquens
1042 1386 1073 1429 ».
1086 1413 1108 1430 ..
1120 1357 1151 1425 ¹«
1162 1359 1243 1432 Fuit

128 1505 146 1540 o
175 1474 294 1544 itidem
325 1473 418 1567 apud
443 1473 584 1545 Troiam
616 1474 754 1567 quidam
780 1474 950 1568 Virgilius
986 1475 1139 1546 eiusdem
1167 1476 1241 1546 Do-

127 1619 146 1656 «
174 1589 248 1660 nati
266 1587 403 1660 auditor
489 1588 547 1683 qui
570 1588 674 1660 LXX
706 1589 882 1660 uolumina
909 1589 951 1660 de
978 1590 1111 1662 ratione
1141 1591 1243 1661 metri

128 1734 145 1772 1
174 1703 341 1791 scribens,
367 1710 403 1774 et
425 1703 606 1797 epistolam
624 1703 669 1775 ad
687 1704 873 1797 Virgilium
895 1703 1080 1777 Assianum
1103 1705 1242 1777 missam

127 1851 144 1887 «
174 1820 217 1891 de
237 1818 335 1891 verbi
361 1818 616 1912 explanatione.
638 1820 776 1891 Tertius
798 1820 967 1914 Virgilius
991 1843 1105 1913 ego...
1132 1822 1243 1893 Erant

128 1964 145 2002 1
174 1941 359 2029 praeterea
371 1941 442 2006 tres
456 1933 611 2021 Ulcani²‚
633 1958 721 2005 unus
738 1934 774 2004 111
792 1935 935 2022 Arabia,
958 1935 1046 2006 alius
1063 1937 1099 2005 in
1113 1937 1238 2022 Endia,

128 2080 145 2117 «
175 2050 296 2121 tertius
309 2049 346 2119 in
365 2049 505 2122 Africa:
527 2072 613 2144 quos
636 2048 774 2121 Aeneas
797 2072 895 2120 meus
913 2058 1157 2145 praeceptores
1175 2053 1242 2122 ha-

128 2195 145 2232 «
174 2164 262 2253 buit,
279 2187 424 2258 quorum
446 2162 554 2236 libros
573 2164 761 2237 meditante
780 2166 915 2237 notaria
940 2172 1014 2237 arte
1033 2166 1069 2236 in
1092 2166 1242 2239 lucidam

128 2311 144 2346 «
175 2279 441 2374 descriptionem
453 2280 646 2351 transtulit:
664 2279 700 2351 in
715 2280 837 2374 quibus
850 2282 1057 2375 repperitur,
1074 2281 1167 2376 quod
1188 2282 1242 2353 uir

127 2426 145 2463 «
176 2396 315 2490 quidam
332 2396 434 2466 Maro
459 2395 564 2466 fuerit
586 2418 693 2489 prope
713 2394 891 2484 diluuium,
916 2397 1012 2467 cuius
1037 2397 1241 2491 sapientiam

127 2542 144 2577 «
173 2511 268 2582 nulla
286 2533 429 2581 narrare
444 2511 584 2582 saecula
598 2510 797 2605 potebunt³.
816 2512 916 2584 Unde
930 2512 1069 2584 Aeneas
1088 2536 1166 2585 cum
1184 2536 1240 2584 me

127 2657 144 2693 «
173 2626 316 2697 uidisset
332 2626 552 2719 ingeniosum
574 2625 763 2713 hominem,
780 2650 836 2698 me
859 2627 926 2700 hoe
948 2627 1119 2700 uocabulo
1144 2628 1242 2702 iussit

127 2773 144 2809 «
172 2741 343 2813 nominari
366 2741 503 2813 dicens:
533 2742 590 2814 hic
612 2741 702 2813 filius
721 2766 818 2814 meus
839 2743 941 2815 Moro
960 2771 976 2808 »
1010 2743 1102 2838 [lege
1122 2743 1237 2838 Maro]

160 3222 187 3287 1,
209 3217 405 3276 Classicorum
417 3224 568 3275 auctorum
580 3234 594 3274 e
604 3217 752 3274 vaticanis
759 3217 910 3275 codicibus
924 3219 1068 3275 editorum
1077 3220 1237 3277 tomusV...

122 3310 245 3364 curante
282 3306 393 3378 Angelo
421 3307 500 3364 blaio.
541 3307 647 3363 Romae
671 3306 748 3380 typis
779 3306 930 3377 vaticanis,
964 3306 1237 3388 nucccmxxtu,

121 3398 309 3468 penaten.

158 3488 184 3540 2.
205 3483 248 3540 cf.
267 3505 278 3536 1
297 3483 423 3542 Ulcanus
439 3485 527 3542 etiam
541 3484 578 3541 de
599 3479 783 3541 inbioillitate
797 3484 958 3540 Tuscorum
976 3483 1108 3542 scribens
1127 3505 1136 3537 ι
1159 3484 1237 3556 (Cod.

123 3571 246 3630 Parisin.
264 3575 360 3643 13026,
376 3573 397 3629 f.
415 3575 470 3642 39).

157 3665 185 3718 3.
204 3660 248 3718 Cf.
267 3681 277 3711 1
294 3661 381 3717 Poteo
408 3661 557 3718 secundae
573 3656 794 3731 vconiugationis
820 3666 848 3717 et
863 3663 998 3734 potentiae
1021 3662 1140 3719 maioris
1156 3683 1167 3716 1
1185 3665 1239 3734 (est

121 3765 212 3822 quam
221 3751 361 3822 possum),
379 3749 447 3807 Cod.
466 3749 601 3819 Parisin,
617 3749 637 3805 f.
661 3751 704 3803 33.
722 3748 804 3810 Quod
816 3750 940 3805 uerbum
955 3757 1063 3822 potere,
1086 3751 1238 3825 hispanice

117 3837 222 3910 poder,
237 3837 347 3895 factum
370 3843 413 3895 est
433 3855 469 3895 ex
488 3838 621 3910 analogia
642 3837 804 3894 formarum
823 3840 921 3909 potui,
930 3845 1044 3910 potens,
1066 3855 1142 3911 quae
1158 3855 1237 3900 oom-

122 3930 240 4010 paratae
255 3931 323 3984 sunt
336 3927 532 4003 conjugationi
545 3926 628 3985 verbi
643 3927 753 4003 monui,
767 3941 894 3997 monens,
908 3942 1033 3990 monere.
1066 3987 1076 3997 ,
