2760 4912
615 251 773 315 ..27-

128 419 191 505 lio,
204 425 243 489 ut
256 438 360 511 supra
374 415 457 503 dixi,
472 415 610 485 omnino
629 415 751 508 ignota
770 421 857 501 erat,
876 413 1050 486 difficilem
1063 414 1118 487 his
1135 417 1250 489 verbis

128 534 232 605 elusit
246 531 485 626 quaestionem
502 551 510 601 t
533 560 550 597 «
571 531 623 602 De
642 553 702 602 cro
716 530 786 601 ccis
800 558 816 596 »
836 530 927 623 (lege
938 532 1081 626 proecis)
1100 561 1117 598 «
1134 540 1251 605 autem

135 679 151 714 «
181 648 300 719 metris
318 669 465 741 quorum
483 653 608 717 natura
632 645 803 717 dissimilis
832 657 884 716 est
907 653 942 717 ot
969 646 1074 739 longe
1107 669 1209 719 versa
1231 676 1247 711 »

131 761 169 860 (i.
193 788 225 835 e.
249 759 392 858 diverso)
413 792 429 828 «
450 761 535 832 nihil
555 760 624 832 hiio
638 761 814 855 disputare
829 761 1063 833 necessarium
1078 784 1159 834 reor
1172 785 1251 834 cum
1308 822 1311 827 .

133 909 149 944 «
181 878 325 950 latinum
341 900 426 971 opus
441 876 602 948 efficiam.
629 876 669 940 »¹

179 994 316 1066 Graeca
347 992 518 1064 vocabula
543 1014 791 1084 nonnunquam
818 1014 941 1085 parum
966 999 1061 1064 recte
1080 992 1196 1079 affert,
1214 1000 1252 1064 ut

132 1141 149 1176 a
179 1117 263 1203 aput
280 1108 412 1180 Grecos
431 1107 536 1178 elium
560 1107 613 1178 sol
635 1101 760 1178 dicitur
781 1113 832 1195 »¹,
854 1107 913 1178 ubi
936 1107 1039 1179 elium
1058 1131 1121 1202 pro
1146 1107 1251 1180 helios

130 1233 201 1312 est3
225 1231 363 1296 autnon
377 1231 510 1296 tautum
526 1244 630 1319 porco
639 1220 767 1294 detorto
781 1222 816 1292 iu
829 1223 938 1295 latina
952 1224 1124 1294 sententia
1139 1224 1248 1318 pouit,

130 1364 162 1411 e.
185 1363 221 1433 g.
245 1370 260 1405 «
278 1340 365 1411 Sunt
379 1363 460 1433 quoe
475 1345 565 1410 tetra
580 1339 733 1409 cassibus
748 1338 980 1409 declinantur.
998 1393 1004 1407 .
1023 1393 1029 1408 .
1052 1346 1131 1409 sunt
1146 1339 1251 1411 etiam

129 1479 211 1549 quoe
231 1463 336 1549 penta
352 1454 505 1526 cassibus
521 1460 662 1524 utuntur
684 1482 700 1517 »
713 1453 737 1523 ³.
772 1453 874 1525 Tetra
892 1454 1134 1525 indeclinabile
1163 1455 1251 1526 sicut

129 1582 299 1668 quattuor,
324 1580 359 1641 et
377 1581 483 1665 penta
501 1592 563 1662 pro
581 1581 682 1665 pente
701 1569 725 1639 i.
748 1592 781 1639 c.
804 1569 953 1663 quinque
979 1569 1095 1662 inepte
1114 1577 1250 1664 sumpta

128 1696 209 1758 sunt
227 1710 248 1758 a
265 1685 463 1779 compositis
478 1695 689 1756 tetrametrus
703 1691 738 1755 et
750 1696 984 1779 pentametros
1005 1709 1139 1774 versus,
1161 1708 1249 1779 quae

128 1825 234 1874 voces
252 1802 430 1896 leguntur,
452 1799 536 1871 Cod.
555 1800 685 1886 Paris,
705 1801 731 1871 f.
758 1800 802 1871 19
821 1798 1196 1897 raudenoviliano).

179 1918 345 2012 Legimus
363 1917 399 1986 in
422 1915 541 1987 codice
566 1915 738 2002 Parisino,
757 1915 818 1986 fol.
845 1915 889 1988 15
908 1924 943 1985 v⁰
966 1937 973 1986 :
1000 1945 1016 1982 «
1038 1916 1183 1988 trifonos

128 2057 250 2105 versus
267 2060 283 2098 u
302 2054 312 2120 3
331 2032 475 2103 verbum
490 2028 664 2127 triphenus
691 2055 711 2102 a
732 2054 860 2124 graeco
879 2033 1018 2128 τρίφωνος
1037 2039 1249 2126 assumptum

130 2158 195 2221 est.
219 2149 304 2221 Cum
319 2155 436 2220 autem
450 2170 512 2240 pro
527 2146 679 2240 genuino
699 2147 901 2226 haberetur,
915 2147 1162 2240 grammaticus
1177 2148 1250 2241 qui·

131 2265 224 2349 dam,
250 2265 394 2336 forsitan
427 2270 558 2350 noster,
589 2262 679 2334 hanc
708 2262 993 2355 compositionem
1018 2262 1171 2335 imitatus
1196 2270 1249 2334 cst

130 2380 300 2452 vocabulo
331 2377 568 2475 quadrifonis,
595 2378 751 2472 quamvis
779 2377 914 2474 quadri·
942 2401 1005 2473 pro
1033 2375 1181 2475 quadra·
1204 2378 1250 2449 ad

131 2496 240 2568 solam
256 2495 399 2566 latinam
412 2495 568 2588 linguam
591 2492 776 2587 pertineat,
798 2516 862 2565 nec
881 2495 926 2565 ad
945 2492 1110 2588 graecam
1132 2493 1246 2582 simul,

130 2621 168 2683 ut
182 2611 257 2682 tri.
281 2611 364 2681 Inde
388 2641 404 2676 «
427 2633 495 2704 qua
509 2609 663 2680 drifonos
684 2632 804 2708 uersus
826 2638 843 2675 »
866 2617 902 2681 et
926 2640 941 2675 ι(
963 2609 1177 2704 quadrifonis

130 2728 286 2798 uersibus
306 2755 339 2813 u,
356 2727 392 2796 in
411 2726 488 2796 cod.
511 2725 623 2796 Paris.
645 2725 670 2795 f.
698 2725 742 2796 15
764 2731 811 2795 v⁰.
835 2726 965 2797 Postea
978 2725 1144 2796 successit
1163 2725 1248 2796 sim·

128 2843 208 2937 plex
229 2841 351 2939 sonum
363 2864 429 2935 pro
444 2840 557 2925 phono
569 2836 686 2936 (φωνή)
710 2860 717 2910 :
744 2871 760 2906 «
782 2840 912 2911 nullum
930 2841 1098 2911 sonunum
1118 2868 1135 2904 »
1153 2837 1247 2937 (lego

126 2955 277 3055 forium),
310 2957 394 3028 Cod.
422 2956 534 3027 Paris.
559 2955 584 3026 f.
617 2955 661 3025 14
691 2962 744 3042 v⁰;
783 2963 979 3026 «extrema
1005 2955 1078 3026 foui
1105 2962 1243 3049 parte»

133 3070 248 3169 (ibid.)
272 3102 288 3138 «
309 3080 385 3143 trea
401 3072 484 3142 fona
501 3099 518 3135 u
540 3071 565 3141 1.
589 3070 636 3142 39
660 3071 683 3140 i.
702 3094 734 3140 e.
765 3071 832 3143 tria
850 3071 958 3142 verba
965 3093 974 3158 3
1001 3101 1017 3136 «
1039 3070 1199 3143 sonorum
1226 3099 1242 3133 o

127 3189 152 3259 f.
176 3187 221 3258 15
238 3195 285 3273 v⁰,
303 3186 326 3257 i.
346 3211 377 3257 e.
396 3207 579 3272 sonorum3
598 3192 665 3256 etc.

177 3303 378 3374 Notandum
411 3310 463 3372 est
490 3300 595 3371 etiam
623 3301 832 3394 adjectivum
860 3300 993 3394 plurale
1021 3331 1037 3367 «
1066 3301 1246 3395 ogduades

128 3418 356 3489 orationum»
377 3416 466 3510 (lego
484 3416 654 3507 orationis)
675 3445 691 3481 α
709 3423 838 3510 partes.
864 3415 902 3480 »⁸

164 3675 189 3726 1.
211 3671 279 3728 Cod.
297 3671 403 3741 Paris,
417 3670 437 3726 f.
451 3673 483 3725 19
495 3683 526 3726 v⁰
539 3700 575 3712 -
589 3670 609 3726 f.
624 3674 667 3726 20.

164 3764 189 3815 2.
213 3760 296 3830 lbid.,
313 3759 333 3815 f.
351 3763 394 3814 18.

162 3854 187 3903 3.
209 3848 278 3905 Cod.
296 3848 399 3917 Paris,
409 3847 429 3903 f.
446 3850 479 3901 27
489 3848 536 3917 v⁰;
552 3852 626 3904 tetra
640 3847 766 3917 casibus,
781 3853 870 3920 penta
885 3847 1009 3917 casibus,
1026 3847 1160 3905 Accedet.
1174 3848 1243 3905 Hel·

125 3945 191 4081 wli,
208 3939 366 4102 {pitaciis
380 4023 421 4081 ud
434 4039 525 4104 opero
535 4025 614 4080 edito
626 4024 662 4080 ab
672 4023 781 4106 Aepulo
797 4024 890 4094 Maio,
903 4039 930 4098 p.
943 4026 1005 4080 114.
