2760 4912
578 849 735 924 CAPUT
759 852 978 930 TERTIUM

449 1113 496 1164 DE
520 1113 670 1166 VIRGILII
695 1115 854 1168 morus
872 1118 1090 1173 mmmmm.

265 1386 293 1457 Ι.
315 1386 412 1464 Quae
431 1385 474 1456 de
494 1384 602 1457 latina
620 1385 740 1479 lingua
763 1394 881 1459 noster
907 1389 1027 1478 tradit,
1056 1390 1159 1464 docet
1188 1400 1249 1465 aut
1270 1417 1335 1467 suo

216 1500 365 1573 ostendit
379 1500 552 1595 exemplo,
572 1502 608 1571 in
622 1509 693 1573 tres
712 1511 829 1595 partes
847 1503 1003 1577 distribui
1021 1514 1186 1599 possunt:

268 1617 300 1688 1.
322 1616 376 1688 Ea
391 1638 479 1710 quae
495 1617 632 1711 vulgari
649 1616 856 1711 Aquitaniae
880 1619 1041 1692 latinitati
1063 1623 1150 1694 sexti
1172 1623 1230 1695 vel
1249 1647 1335 1719 sep-

213 1733 287 1805 timi
305 1740 383 1826 post
401 1732 574 1804 Christum
588 1731 718 1804 saeculi
736 1733 920 1806 tribuenda
934 1744 1031 1824 sunt3

262 1849 298 1919 2.
328 1848 424 1926 Quae
439 1846 619 1920 latinitatis
633 1848 806 1941 genuinae
821 1836 979 1938 fuerant3

261 1965 297 2037 3.
326 1965 422 2043 Quae
442 1986 464 2034 a
483 1964 717 2056 grammaticis
737 1965 933 2037 Tolosanae
957 1966 1097 2039 scholae
1116 1975 1176 2040 aut
1194 1968 1336 2044 detorta

212 2089 272 2153 aut
287 2080 425 2152 omnino
441 2080 556 2151 efficta
575 2086 690 2150 erant.

260 2197 395 2268 Forsan
410 2201 445 2265 et
463 2201 586 2288 quarta
599 2195 706 2266 series
721 2205 812 2267 esset
825 2195 1069 2288 distinguenda
1087 2221 1175 2292 quae
1190 2208 1333 2273 cetera-

212 2335 288 2383 rum
308 2311 464 2406 ejusdem
482 2310 606 2382 aetatis
615 2310 812 2403 linguarum
827 2312 1055 2405 proprietates
1070 2315 1237 2407 quasdam
1250 2340 1333 2388 con-

207 2429 359 2514 ·tineret;
380 2427 471 2521 quod
485 2449 554 2496 non
569 2426 688 2519 liquet.

260 2542 365 2614 Haud
382 2565 462 2614 rara
481 2548 561 2612 sunt
574 2541 712 2634 Virgilii
720 2539 857 2634 ljudioia
876 2566 964 2637 quae
983 2566 1061 2615 cum
1080 2545 1252 2617 scribendi
1267 2571 1331 2620 ra-

211 2661 304 2732 tione
320 2657 550 2730 litteratorum
572 2663 762 2750 augusteae
786 2659 910 2729 aetatis
928 2667 1135 2753 congruunt.
1159 2661 1244 2733 Cum
1263 2687 1330 2735 au-

210 2783 281 2847 tem
305 2775 458 2869 ipsorum
495 2796 601 2867 opera
631 2773 851 2844 inmanibus
885 2796 954 2845 non
977 2773 1136 2864 haberet,
1165 2785 1200 2849 et
1229 2779 1330 2851 multi

211 2890 516 2985 grammaticorum
546 2910 632 2982 quos
660 2889 870 2982 sequebatur
897 2890 1120 2982 paucissimas
1145 2900 1330 2965 auctorum

123 3068 125 3072 ,
209 3006 377 3099 legissent
394 3004 554 3098 paginas,
578 3026 723 3097 quorum
743 3004 883 3075 nomina
905 3013 1174 3099 assumpserant,
1187 3017 1326 3098 noster,

207 3122 244 3191 in
255 3120 425 3192 latinitate
440 3119 629 3214 judicanda
656 3118 750 3191 nullo
773 3118 883 3191 fretus
908 3127 984 3191 erat
1007 3122 1133 3192 auxilio
1152 3123 1218 3194 nisi
1236 3146 1327 3218 qua-

209 3237 289 3307 dam
308 3235 504 3307 scholarum
524 3233 720 3313 traditione,
739 3242 774 3305 et
788 3236 1047 3329 comparatione
1062 3260 1144 3309 usus
1153 3239 1323 3332 vulgaris.

208 3353 329 3446 Itaque
344 3351 377 3422 ei
400 3350 638 3423 difficillimum
659 3350 724 3420 fuit
747 3350 897 3444 priscam
915 3350 1158 3424 latinitatema
1176 3357 1324 3445 recenti,

208 3468 313 3539 immo
336 3466 444 3538 latina
462 3465 634 3538 vocabula
648 3488 670 3535 a
686 3465 876 3536 barbaricis
903 3489 1084 3560 seponere.
1113 3468 1213 3540 Adde
1232 3472 1327 3564 quod

208 3583 295 3654 duas
312 3581 456 3653 virtutes
475 3603 582 3675 usque
609 3581 653 3651 ad
680 3580 800 3651 vitium
819 3588 854 3651 et
876 3589 1052 3676 stuporem
1072 3572 1258 3676 perduxit,
1271 3609 1326 3658 re·

208 3697 400 3770 verentiam
414 3696 545 3769 scilicet
562 3693 735 3768 doctorum
751 3718 890 3768 suorum
913 3695 972 3792 (cf.
995 3721 1072 3793 cap.
1098 3699 1144 3786 ll,
1175 3701 1195 3791 ξ
1220 3698 1273 3794 2),
1291 3711 1328 3774 et

206 3814 304 3885 latini
322 3813 490 3884 sermonis
516 3811 792 3884 admirationem.
820 3812 950 3884 Nescio
972 3836 1017 3884 an
1042 3815 1235 3907 sapientem
1256 3816 1326 3888 Se·
1372 3896 1375 3903 ,

207 3927 278 3999 duli
292 3928 499 4000 sententiam
517 3949 654 4020 semper
668 3935 806 3999 secutus
820 3927 877 4016 sit,
898 3927 1054 4001 dicentis.
1076 3928 1251 4002 «Nulli...
1270 3931 1326 4005 ias
