2738 4936
544 262 703 327 ..59..

10 412 13 425 ¹
56 456 75 494 a
106 427 260 515 audiam,
281 448 387 521 agam
406 427 521 521 egebo
544 424 765 515 »,f.132v⁰;
788 429 860 522 ipse
889 429 1056 524 Virgilius
1074 431 1182 503 utitur

54 544 175 642 futuro
199 541 400 640 agebantur,
416 542 441 613 f.
463 541 524 615 30.
546 542 645 621 Quod
665 565 709 614 ex
730 543 866 637 plebeio
886 566 1045 616 sermone
1062 568 1181 640 sump-

10 726 16 739 ,
55 667 132 731 tum
155 665 225 729 est:
256 658 301 729 cf.
335 656 453 730 lutura
480 657 629 744 doceam,
656 656 801 745 uideam,
828 682 985 755 clupeum,
1017 658 1178 758 diligeba,

10 772 20 869 J
55 769 185 861 dicabo,
207 772 335 862 vivedo,
356 772 536 860 custodibo,
559 771 723 861 dormale,
744 773 845 861 scibo,
863 798 1009 868 quorum
1024 776 1180 848 Roensch

57 889 219 982 exempla
236 889 391 984 collegit,
408 888 501 962 Itulu
514 888 589 960 und
605 888 764 986 Vulgata,
784 914 818 985 p.
834 890 1006 963 eol-292.

10 1044 23 1089 ,ι
106 1006 192 1077 Jure
216 1004 321 1076 etiam
343 1012 461 1077 noster
488 1005 639 1077 scribere
662 1006 792 1099 potuit:
825 1035 840 1071 α
867 1005 955 1078 Sunt
980 1005 1038 1100 qui
1064 1005 1182 1078 dicunt

62 1152 77 1187 e
108 1120 257 1215 quedam
275 1121 385 1192 uerba
406 1120 443 1191 in
464 1120 489 1206 i,
510 1119 574 1208 ire,
598 1127 632 1191 et
657 1128 843 1216 propterea
865 1121 991 1193 nullius
1009 1120 1179 1216 coniuga-

61 1268 77 1303 «
105 1236 208 1308 tionis
221 1235 298 1307 fieri
320 1241 359 1307 ut
376 1228 516 1307 memini
536 1236 593 1306 odi
611 1236 693 1307 noui
712 1236 773 1307 sed
794 1259 858 1309 nos
876 1237 997 1308 multoe
1018 1260 1078 1309 eos
1104 1237 1179 1310 lec-

60 1383 76 1418 «
105 1352 208 1424 tionis
231 1351 436 1424 auctoritate
456 1350 677 1423 reuincimus.
706 1352 903 1424 Inuenimus
927 1353 1015 1423 enim
1046 1374 1175 1447 sepe...

61 1497 76 1533 «
107 1467 186 1538 odio
206 1466 258 1538 dis
278 1466 327 1538 dit
350 1467 442 1538 odiui
453 1489 463 1554 ;
477 1466 617 1537 memini
640 1474 756 1537 autem
780 1467 891 1538 solum
904 1469 939 1538 in
960 1492 979 1539 o
1001 1469 1095 1539 exire
1109 1491 1178 1540 non

50 1615 76 1672 ,r
106 1584 244 1678 repperi
270 1612 302 1670 u,
328 1581 354 1653 f.
379 1583 439 1654 33.
465 1582 622 1654 Roensch
642 1582 734 1652 enim
752 1582 967 1672 monstravit,
990 1583 1081 1656 Itala
1108 1582 1182 1655 curcul

63 1698 224 1796 Vulgata,
242 1722 277 1792 p.
300 1698 474 1786 etl-283,
491 1698 634 1784 verbum
650 1697 755 1769 odr'cse
772 1698 953 1791 regulares
971 1701 1101 1771 formas
1116 1721 1178 1771 ac-

10 1866 14 1875 .
56 1815 118 1887 tivi
134 1821 169 1885 et
182 1814 309 1908 passivi
330 1821 411 1885 tunc
430 1814 595 1908 temporis
611 1814 774 1907 adeptum
792 1838 881 1886 esse.

109 1931 135 1996 «'
156 1929 244 2002 Sunt
256 1931 365 2001 uerba
379 1952 460 2023 quoe
475 1930 590 2000 multis
610 1930 643 2000 in
665 1929 937 2001 controuersiam
957 1929 1075 2002 uenire
1098 1953 1179 2024 poss
1233 1932 1236 1937 ’

58 2077 75 2112 «
106 2052 178 2118 emt
200 2074 216 2110 »
239 2043 334 2142 (lege
350 2046 499 2140 possunt)
518 2075 534 2110 u
552 2069 573 2116 a
588 2044 760 2117 nonnullis
779 2045 871 2116 enim
889 2045 1004 2116 actiua
1018 2069 1040 2116 a
1053 2047 1178 2140 pleris-

57 2193 75 2228 «
105 2185 172 2255 que
192 2161 403 2255 deponentia
422 2161 589 2232 docentur
603 2167 641 2232 ut
663 2160 807 2254 partior,
823 2159 984 2255 populor,
1002 2161 1129 2254 prodor
1144 2168 1179 2233 et

61 2309 78 2344 «
108 2284 173 2350 ctr.
195 2277 401 2349 Huiusmodi
420 2266 676 2348 contentionem
690 2276 861 2348 facilleme
880 2277 1010 2371 peritus
1035 2277 1177 2371 quisque

59 2425 76 2460 «
107 2393 241 2496 sedabit
264 2394 345 2486 quia
368 2400 549 2486 utrumque
577 2416 640 2488 per
668 2392 890 2463 multifariam
915 2393 1035 2464 latinoe
1061 2391 1177 2486 linque

59 2540 76 2576 «
106 2509 343 2581 condicionem
357 2516 472 2603 potest
489 2507 636 2579 inueniri
658 2536 673 2573 »
696 2510 721 2579 f.
742 2507 803 2596 35,
826 2507 874 2580 35
897 2516 954 2597 v⁰;
985 2538 1001 2574 «
1029 2531 1178 2580 ueneror

59 2657 76 2692 «
106 2648 228 2719 regem
247 2632 282 2697 et
295 2647 478 2696 uenerora
493 2647 577 2718 rege
600 2653 616 2689 »
638 2625 664 2695 f.
687 2623 747 2696 35.
765 2625 843 2696 Hoc
860 2624 999 2718 Virgilii
1009 2624 1177 2720 judicium

24 2746 27 2751 ’
54 2743 99 2813 de
127 2741 252 2835 'lingua
271 2739 468 2812 certissimis
496 2741 652 2834 ejusdem
681 2741 805 2812 aetatis
823 2740 989 2835 exemplis
1011 2741 1177 2835 probatur

54 2838 177 2928 verum
187 2857 292 2929 fuisse
309 2878 318 2943 ;
337 2856 382 2928 cf.
400 2856 569 2943 Roensch,
580 2855 682 2929 ‘Italo
697 2855 771 2928 und
792 2855 951 2953 Vulgata,
969 2880 1003 2951 p.
1025 2854 1111 2927 476.

107 2972 204 3044 Alias
221 2972 407 3043 verborum
420 2972 562 3058 formas,
581 2995 671 3065 ‘quas
686 2978 804 3043 noster
823 2978 883 3042 aut
896 2978 1031 3041 tantum
1043 2971 1173 3058 citavit,

55 3095 95 3160 ut
113 3087 191 3176 fior,
208 3088 382 3159 litus-sum
397 3084 436 3183 (f.
459 3087 507 3158 36
521 3089 583 3180 νο),
605 3095 665 3159 aut
677 3088 750 3182 ipse
771 3086 939 3176 adhibuit,
957 3094 994 3159 ut
1017 3086 1176 3182 lepcstum

55 3201 155 3301 cct(f.
183 3202 281 3290 13,1.
304 3201 356 3300 5),
378 3227 441 3296 pro
457 3202 578 3276 lectum
598 3215 656 3289 cst,
683 3225 880 3296 quanquam
894 3202 984 3275 hanc
1008 3232 1023 3269 «
1055 3209 1176 3274 contra

52 3320 233 3391 ussitatem
244 3314 450 3389 latinitatem
468 3346 483 3382 »
507 3341 581 3389 esse
592 3319 738 3412 judicat,
756 3319 782 3389 f.
798 3318 846 3390 36
864 3326 914 3406 v⁰,
930 3319 975 3389 ad
995 3317 1176 3410 vulgarem

54 3456 155 3506 usum
186 3434 359 3528 pertinere
396 3433 644 3504 demonstravit
674 3434 842 3522 Huemer,
878 3433 947 3505 Dic
977 3432 1173 3530 Epitomue,

55 3572 92 3643 p.
113 3547 175 3638 48,
196 3548 257 3620 49.

88 3662 230 3736 lnfiens
243 3664 269 3734 l.
294 3662 393 3751 16,1.
411 3663 652 3750 e.incohans;
671 3663 745 3734 imii
760 3665 810 3735 uit
828 3664 855 3735 f.
879 3663 929 3736 20
951 3672 999 3752 v⁰,
1020 3663 1100 3755 lege
1119 3663 1175 3733 in·
1284 3654 1291 3666 ’

51 3777 140 3866 fiuit,
157 3778 181 3849 i.
199 3790 232 3850 e.
249 3778 426 3850 incohavit
435 3798 446 3864 3
462 3778 507 3849 cf.
530 3807 545 3843 «
563 3777 764 3871 prophetari
773 3778 883 3872 iuquit
895 3808 927 3865 »,
941 3778 1083 3852 Cluuio.
1099 3801 1175 3849 uac-

53 3905 177 3980 torum,
199 3900 224 3965 t.
241 3893 288 3981 V,
310 3917 344 3986 p.
371 3892 428 3981 13,
446 3892 538 3986 quod
551 3892 672 3987 prooul
687 3892 789 3965 dubio
804 3915 867 3987 pro
883 3892 998 3990 influit
1009 3892 1174 3990 scriptum

53 4031 72 4083 o
92 4015 118 4084 t.
