2760 4912
462 1015 618 1090 cAPUT
643 1015 916 1092 SECUNDUM.

221 1275 223 1280 ’
263 1295 310 1346 nu
334 1295 483 1348 unsrun
508 1296 667 1349 ulaonrs
692 1298 849 1350 moninus
874 1299 917 1350 nr
943 1298 1113 1352 scurram.

184 1639 218 1710 l.
247 1639 415 1733 Virgilius
429 1641 545 1729 Maro,
562 1662 650 1734 quae
664 1639 744 1713 loca
757 1641 854 1734 quasi
876 1665 919 1713 ex
937 1642 1012 1714 aliis
1026 1643 1249 1738 scriptoribus

129 1755 315 1844 afferebat,
333 1756 491 1849 arguitur
509 1757 694 1844 effinxisse,
714 1780 780 1850 quo
796 1757 962 1830 eruditior
980 1781 1055 1829 esse
1073 1759 1249 1830 videretur

131 1871 207 1964 (W.
230 1872 267 1942 S.
290 1871 439 1960 Teuffel,
454 1871 608 1944 Histoire
621 1870 662 1944 o¹e
676 1871 709 1943 lo
728 1871 912 1945 littiretccre
925 1874 1090 1962 semeiae,
1103 1875 1193 1945 trad.
1210 1876 1245 1946 J.

129 1986 299 2058 Bonnard
321 1994 357 2058 et
380 1987 422 2058 Ρ.
447 1988 607 2076 Pierson,
635 1995 661 2058 t.
693 1988 756 2075 ΙΙΙ,
778 2011 813 2083 p.
844 1989 935 2076 2633
959 1988 1002 2059 D.
1021 1988 1244 2084 Comparetti,

136 2101 252 2198 Vogel
279 2103 327 2175 im
363 2101 565 2175 Mittclalter
570 2158 641 2175 .....
660 2105 840 2194 Jdbersetzt
870 2128 939 2175 von
972 2105 1018 2176 H.
1054 2104 1245 2193 Diitschke,

128 2242 165 2312 p.
201 2216 288 2304 1143
322 2217 384 2288 Ch.
414 2218 563 2306 Thurot,
591 2219 731 2292 Netices
753 2231 786 2291 et
811 2220 950 2292 entroits
969 2218 1025 2291 des
1048 2220 1249 2292 manuscrits
1285 2222 1288 2226 ’

129 2331 172 2405 de
200 2332 233 2404 la
264 2332 501 2430 Bibliotlzique
532 2334 707 2433 imperiale
711 2390 783 2406 .....
818 2343 843 2406 t.
880 2336 1000 2422 XXII,
1044 2336 1081 2408 2⁶
1117 2336 1241 2430 partie,

128 2451 243 2538 Paris,
281 2450 387 2538 1868,
423 2473 457 2543 p.
492 2451 565 2544 61).
608 2481 623 2517 «
663 2451 753 2522 Dum
785 2458 903 2523 cetera
939 2452 1244 2544 grammaticorum

131 2598 148 2634 «
178 2565 282 2637 medii
305 2567 384 2637 aeui
411 2567 564 2638 uirorum
587 2567 713 2639 cohors
745 2567 838 2638 bona
871 2567 1073 2661 plerumque
1100 2567 1169 2639 fide
1192 2569 1245 2641 usi

131 2714 148 2750 α
178 2689 336 2754 ueterum
359 2690 546 2777 praecepta
559 2690 722 2755 secuntur
740 2683 890 2777 satisque
909 2682 1039 2755 habent
1062 2683 1245 2755 collectum

131 2830 148 2866 «
179 2797 329 2893 undique
364 2798 542 2893 puluerem
575 2799 840 2892 grammaticum
869 2799 939 2870 suis
965 2800 1118 2892 ipsorum
1147 2799 1245 2892 inge-

131 2945 148 2982 «
178 2913 278 2985 niolis
311 2914 531 2987 mediocriter
557 2915 758 3010 aspersisse,
796 2937 884 2986 unus
920 2915 1010 2985 inter
1043 2937 1103 2986 eos
1134 2914 1246 2986 extitit

131 3061 149 3096 «
178 3029 355 3122 Vergilius
382 3030 499 3119 Maro,
529 3031 587 3124 qui
605 3030 650 3102 ad
668 3030 806 3102 ultimos
828 3029 995 3101 audaciae
1014 3036 1117 3122 atque
1138 3030 1246 3123 impu·

132 3177 149 3214 «
179 3144 316 3218 dentiae
339 3145 427 3218 fines
458 3151 643 3241 prouectus
674 3170 743 3217 non
771 3146 882 3217 solum
911 3145 1172 3241 peruersissima
1201 3145 1244 3215 de

132 3293 150 3328 a
178 3254 283 3333 rebus
308 3260 347 3333 a*
362 3261 486 3332 ceteris
518 3262 626 3355 probe
655 3262 847 3333 obseruatis
879 3261 1006 3333 iudicia
1032 3261 1151 3347 ferret,
1183 3259 1245 3331 sed

132 3409 150 3445 «
177 3377 320 3470 insuper
342 3376 554 3471 singularem
572 3377 673 3448 istam
696 3376 865 3448 insaniam
893 3376 1151 3463 mendaciorum
1175 3376 1247 3446 foe·

120 3526 149 3562 .«
179 3493 397 3575 dissimorum
419 3492 617 3565 inuentione
642 3493 740 3587 quasi
764 3493 854 3564 tueri
879 3516 920 3563 ac
942 3491 1153 3563 communire
1178 3514 1244 3562 au-

130 3641 151 3697 ς(
180 3609 292 3696 deret,
318 3600 443 3681 reuera
462 3609 519 3679 ille
541 3608 679 3702 quidem
700 3632 770 3679 non
788 3608 902 3679 lucem
922 3631 966 3679 ex
987 3607 1095 3695 fumo,
1117 3607 1181 3678 sed
1203 3630 1247 3678 ex

132 3724 317 3817 «fulgore
350 3725 483 3795 fumum
519 3724 602 3795 dare
636 3724 768 3796 solitus.
806 3725 932 3795 Nonne
976 3723 1153 3793 notissimo
1184 3721 1245 3793 illo

133 3874 151 3910 «
180 3840 330 3933 Vergilii
352 3824 459 3912 uersu
474 3840 540 3912 ecl.
568 3841 632 3928 ΙΙΙ,
653 3841 722 3912 90:
753 3870 769 3906 «
795 3839 861 3918 Qui
888 3838 1037 3911 Bauium
1063 3861 1134 3909 non
1159 3837 1244 3923 odit,

133 3990 151 4026 «
181 3963 277 4029 amet
293 3962 354 4027 tua
372 3957 539 4046 carmina,
561 3957 680 4028 Maeui
706 3984 722 4021 »
744 3956 902 4050 nequiter
924 3955 1051 4027 abusus
1070 3953 1248 4026 Maeuium

176 4080 182 4087 ⁵
290 4101 416 4152 Erulum.
432 4098 470 4150 Dc
489 4096 592 4162 Virgilio
607 4099 719 4150 Marone.
1078 4095 1093 4143 2
