2760 4912
634 202 793 265 ..13-

147 363 261 436 suisse
279 363 428 458 legimus
445 367 481 438 in
497 367 586 438 libro
606 365 664 460 qui
685 364 883 437 inscribitur
904 365 1059 441 Histoire
1072 367 1113 442 de
1127 368 1161 442 lu
1180 370 1270 446 loro-

146 489 267 551 ruture
284 481 512 578 romoinepur
537 480 597 554 W.
621 479 662 553 S.
685 477 827 576 Teuffel,
847 478 1014 555 reduit...
1029 506 1096 580 por
1112 483 1151 558 J.
1171 485 1270 560 Bou·

147 593 243 666 nord
267 605 301 667 et
324 596 373 668 P.
399 596 560 684 Piersou,
583 603 610 667 t.
641 595 705 684 lll,
735 618 770 688 p.
799 595 884 687 297,
915 596 988 670 305
996 620 1006 686 ;
1029 599 1121 693 quod
1138 601 1269 674 frustra

147 710 338 803 quaesivi¹.
362 711 518 808 Quinque
544 710 693 782 Ennodii
720 710 973 805 epigrammata
1005 721 1153 803 exstant,
1181 746 1197 782 «
1221 717 1264 788 de

146 825 299 918 quodam
316 827 434 916 stulto,
456 829 513 923 qui
527 827 696 921 Virgilius
718 826 897 899 dicebatur
912 850 951 916 »3
977 851 1079 924 quem
1105 838 1262 904 nostrum

147 942 414 1033 grammaticum
433 944 538 1016 fuisse
557 965 629 1015 non
642 942 826 1014 verisimile
846 949 910 1030 est,
933 951 971 1015 ut
984 953 1078 1017 recte
1094 946 1264 1040 judicavit

145 1057 200 1128 vir
218 1056 339 1130 doctus
357 1059 438 1130 Joh.
461 1060 630 1151 Huemer,
655 1081 758 1152 quern
781 1058 816 1128 in
835 1057 889 1130 his
908 1060 1028 1132 studiis
1048 1063 1263 1155 potissimum

144 1174 245 1266 sequi
262 1182 429 1267 praestat.

194 1289 277 1361 Non
302 1290 394 1384 quod
417 1289 539 1362 tertius
552 1289 734 1382 Virgilius,
752 1289 864 1383 quise
883 1289 1135 1382 «ingeniosum
1153 1293 1265 1365 horni-

141 1428 224 1476 nem
246 1433 262 1470 u
279 1405 457 1499 praedicat
472 1403 563 1502 (vide
578 1406 719 1498 supra.§
738 1406 767 1496 l)
787 1434 803 1470 «
821 1404 944 1476 stultus
959 1407 1099 1499 quidam
1116 1437 1131 1472 u
1150 1410 1260 1482 aviro

140 1521 510 1615 priscisRomanorum
533 1520 793 1592 litterisimbuto
813 1521 930 1591 vocari
961 1523 1175 1615 nequiverit3
1202 1526 1264 1596 sed

137 1637 233 1707 idern
252 1626 510 1730 grammaticus
530 1660 598 1708 non
614 1643 718 1730 poeta
738 1643 825 1723 erat,
852 1643 889 1707 ut
908 1647 998 1708 oeteo
1018 1661 1120 1731 quern
1139 1639 1263 1712 irridet

139 1752 335 1824 Ennodius.

191 1956 252 2026 lV.
281 1957 358 2028 Duo
389 1963 523 2028 lantum
552 1956 711 2028 videntur
745 1978 926 2050 superesse
962 1957 1103 2050 Virgilii
1138 1983 1258 2053 opera,

139 2093 287 2166 quorum
305 2095 411 2143 unum
433 2071 637 2174 inscribitur
651 2071 845 2168 Epitomoe,
867 2072 1016 2143 alterum
1033 2096 1131 2162 vere,
1148 2074 1258 2172 Epis-

109 2186 228 2262 .toloe
245 2185 286 2260 de
313 2199 385 2260 octo
408 2187 561 2283 portibus
588 2187 764 2274 sermono,
788 2187 881 2258 Julio
909 2187 1084 2260 Germano
1113 2189 1259 2262 diacono

138 2303 304 2392 dicatum,
324 2305 360 2375 in
379 2304 494 2397 priore
513 2303 607 2375 haud
626 2304 735 2375 semel
748 2303 922 2374 laudatur.
946 2303 1043 2383 Quae
1058 2305 1094 2374 in
1110 2306 1259 2400 quinque

136 2420 322 2514 praecipue
354 2419 530 2491 codicibus
562 2419 690 2513 scripta
722 2419 766 2490 ad
806 2441 871 2490 nos
910 2428 1156 2512 pervenerunt,
1198 2425 1256 2516 qui

137 2534 318 2607 dicuntur:

189 2653 222 2722 1⁰
240 2653 500 2746 Fragmentum
513 2650 781 2722 Vindobonense
813 2648 941 2737 19556,
974 2651 1114 2722 saeculo
1145 2674 1251 2740 nono,

133 2768 170 2838 in
201 2791 268 2862 quo
293 2767 532 2862 Epitomarum
564 2772 680 2860 partes
712 2765 943 2852 continentur,
980 2789 1066 2860 quas
1093 2767 1135 2837 Ι)Γ
1168 2768 1251 2838 Joh.

134 2884 291 2954 Huemer
313 2883 574 2976 diligentissimo
603 2881 715 2952 studio
743 2881 862 2969 edidit,
883 2881 952 2953 Die
982 2882 1162 2976 Epitomoe
1196 2881 1254 2955 des

138 2996 407 3072 Grommoto'loers
438 2997 601 3096 Virgilius
618 2997 736 3084 More,
765 2996 884 3084 wien,
912 2996 1004 3068 1882
1024 2995 1116 3093 (vide
1132 3021 1249 3092 supra,

135 3116 156 3205 ξ
175 3115 208 3202 1,
224 3115 260 3184 in
279 3114 373 3208 fine),
395 3138 429 3209 p.
447 3112 607 3188 529-542
617 3135 627 3201 3

182 3230 220 3299 2⁰
234 3229 350 3302 Codex
369 3231 546 3302 Parisinus
573 3228 716 3300 Latinus
739 3227 1156 3316 13026,saecu10n0n0,
1192 3229 1250 3322 qui
1339 3293 1340 3297 ,

132 3347 312 3440 Epitomas
347 3346 512 3434 continet,
551 3344 613 3417 fol.
647 3343 769 3431 11-40;
806 3344 905 3437 cujus
949 3343 1077 3414 codicis
1119 3351 1251 3415 textum

130 3462 287 3533 Huemer
300 3461 445 3533 contulit
458 3483 536 3533 curn
555 3459 710 3554 partibus
730 3459 969 3554 Epitomarum
984 3481 1072 3552 quae
1087 3458 1123 3529 in
1147 3459 1248 3553 frag-

130 3584 248 3649 mento
262 3576 519 3648 Vindobonensi
535 3576 720 3669 -leguntur;

166 3809 192 3861 1.
214 3806 298 3863 Hune
312 3819 443 3862 errorem
455 3805 584 3862 ablatum
599 3820 663 3860 esse
673 3801 819 3878 perspicio
835 3801 866 3857 in
881 3805 988 3873 quarta
1001 3802 1173 3874 germanica
1185 3801 1250 3860 edi·

127 3895 221 3952 tione:
245 3893 285 3951 W.
309 3894 340 3950 S.
368 3893 492 3965 Teuffels
509 3892 676 3952 Gosobiobte
699 3893 752 3949 der
771 3890 936 3948 romiscbee
960 3891 1122 3963 Literalur,
1155 3890 1250 3950 Vierte

128 3983 252 4056 Antiope
267 3982 422 4039 beurboitot
434 3998 489 4040 veo
502 3982 628 4053 Ludwig
640 3981 793 4050 Schwabe,
809 3978 937 4053 Leipzig,
951 3982 1030 4036 1882.
