2760 4912
700 225 859 293 ..30-

270 384 440 475 Torlaria,
460 387 604 481 triginta
619 387 746 487 (ibid),
768 391 911 462 averbo
927 400 991 477 tor,
1008 396 1093 497 tres,
1114 390 1218 480 ibid,
1230 396 1276 464 'et
1289 393 1340 463 ul·

160 575 162 578 4
216 520 308 591 timis
342 519 483 615 syllabis
505 520 660 593 hebraici
684 521 846 594 'vocabuli
876 503 1020 632 nigibw
1041 523 1210 617 triginta?

266 661 359 734 Sada
372 661 506 756 justitia
531 660 659 758 (Caelii
678 661 812 736 Sedala·
828 685 942 759 opera,
958 643 1111 761 pleat),
1129 665 1226 737 sabia
1247 664 1339 763 (Ap-

211 776 341 873 pcadr'a
359 776 407 849 ad
416 799 518 873 opera
532 776 620 851 edita
647 775 689 849 ab
716 776 849 876 Aregelo
882 779 987 868 Maio,
1008 803 1042 874 p.
1069 778 1167 877 164),
1198 805 1244 852 ex
1271 782 1338 853 he-

214 910 432 983 braicavoce
456 911 559 1022 pflgl

263 1106 347 1177 VII.
374 1107 414 1177 ln
432 1104 667 1179 Grammatico
675 1105 792 1178 celtica
805 1104 814 1141 ¹
829 1105 979 1200 legimus
996 1126 1004 1177 ε
1023 1103 1129 1202 (apud
1147 1107 1337 1202 Virgilium

216 1218 496 1317 grammaticum)
516 1251 533 1287 «
554 1244 619 1293 nee
631 1221 747 1293 inveni
760 1243 882 1293 vocem
892 1220 1050 1294 celticam
1062 1245 1126 1294 nec
1144 1223 1286 1295 invenio
1301 1252 1333 1295 ».

146 1319 148 1324 ⁵
215 1337 345 1409 Contra
363 1338 417 1408 vir
436 1336 590 1409 eruditus
605 1337 724 1430 Roget
755 1337 871 1409 Baron
898 1337 941 1408 de
959 1336 1147 1431 Belloguet
1168 1340 1339 1411 censebat

216 1453 349 1546 aliquot
366 1452 474 1524 verba
489 1474 639 1524 arcanae
658 1452 838 1523 latinitatis
860 1474 949 1546 quae
968 1461 1086 1524 noster
1100 1451 1203 1525 affert
1222 1455 1336 1548 origi·

212 1567 268 1638 nis
288 1589 364 1639 esse
380 1567 541 1661 gallicae.
568 1567 665 1645 Quae
688 1575 803 1639 atatem
828 1567 997 1662 opinionis
1021 1591 1104 1638 suae
1124 1577 1336 1662 argumenta

215 1681 323 1769 dedit,
344 1682 515 1754 vocabula
532 1681 593 1754 illa
612 1705 691 1754 eum
705 1681 833 1776 linguis
848 1681 978 1755 celticis
997 1705 1203 1777 comparans
1216 1683 1240 1772 ²,
1258 1684 1335 1756 nul-

210 1796 277 1869 lius
289 1804 369 1869 sunt
386 1798 565 1885 momenti,
583 1820 662 1869 eum
677 1820 840 1869 sonorum
854 1797 928 1869 lata
942 1804 977 1869 et
994 1797 1174 1871 historiam
1188 1822 1333 1893 prorsus
1351 1849 1352 1852 =

211 1911 423 2006 neglexerit.

259 2028 340 2101 Non
354 2050 487 2122 negare
507 2028 618 2100 ausim
632 2028 773 2100 celticas
786 2051 891 2100 voces
904 2029 1048 2123 reperiri
1062 2051 1164 2123 posse
1182 2029 1219 2100 in
1238 2053 1327 2124 ope-

169 2163 171 2169 ·
209 2142 303 2214 ribus
327 2143 466 2237 Virgilii
498 2143 729 2237 grammatici,
753 2150 904 2215 atcerte
932 2144 1160 2238 paucissimae
1193 2151 1330 2217 tantum

209 2258 335 2330 adsunt
353 2280 439 2353 quas
456 2257 625 2330 hodierna
638 2257 782 2330 scientia
800 2259 873 2330 sine
887 2258 958 2330 ulla
972 2259 1185 2331 dubitatione
1205 2260 1327 2354 depre·
1374 2294 1377 2301 ·

207 2372 361 2445 hendere
379 2372 507 2446 valeat.
527 2373 625 2445 'Duas
638 2380 773 2446 tantum
786 2373 914 2445 afferre
933 2375 1099 2446 sustineo.

149 2553 151 2557 ,
260 2477 424 2561 «Bestia
445 2488 568 2560 dicitur
586 2488 630 2560 de
652 2489 769 2578 bessu,
789 2489 859 2561 hoc
884 2496 936 2561 est
957 2490 1000 2561 de
1021 2510 1119 2562 more
1131 2490 1286 2583 „feritatis
1308 2520 1324 2556 a

209 2601 405 2700 (Appeadtr
423 2603 471 2676 ad
485 2626 588 2700 opera
607 2603 695 2676 edita
709 2603 750 2676 ab
771 2604 904 2702 Angelo
922 2605 1035 2692 Maio,
1057 2628 1092 2699 p.
1118 2604 1215 2702 lea).
1246 2607 1329 2678 Vox

167 2762 171 2769 -
207 2717 318 2792 bersae
334 2721 371 2791 in
388 2719 455 2792 hac
475 2719 688 2815 etymologia
712 2719 821 2791 videri
842 2726 956 2813 potest
977 2721 1021 2791 ab
1040 2727 1182 2793 auctore
1201 2743 1273 2792 non
1291 2722 1327 2792 in

205 2835 376 2907 inusitatis
389 2835 567 2907 latinitatis
586 2836 772 2928 generibus
782 2842 918 2929 reperta
939 2858 1029 2924 esse,
1046 2835 1157 2908 sedin
1176 2835 1327 2930 quadam

205 2948 326 3044 lingua
339 2952 438 3045 cujus
457 2949 588 3044 aliquot
605 2951 713 3022 verba
732 2951 901 3022 audierat.
915 2951 1079 3023 Fortasse
1098 2950 1240 3023 vexilla
1255 2975 1326 3024 non

210 3095 225 3132 α
248 3088 381 3137 morem
399 3066 545 3138 feritatis
562 3094 596 3154 a,
613 3065 675 3137 sed
692 3074 826 3139 tantum
849 3095 864 3132 «
886 3088 1019 3138 morem
1041 3095 1058 3131 »
1080 3066 1318 3159 significabat.

204 3181 345 3253 Revera
359 3179 470 3253 bersae
484 3181 607 3254 celtica
634 3181 755 3274 lingua
796 3211 812 3248 «
835 3204 910 3253 mos
932 3209 948 3246 »
978 3204 1054 3254 esse
1083 3182 1214 3270 debuit,
1232 3183 1324 3255 unde

203 3296 381 3369 hiberniae
400 3295 466 3384 aa,
483 3303 627 3391 quartae
645 3297 774 3386 latinae
793 3296 1032 3370 declinationis
1050 3297 1270 3386 vocabulum,
1289 3307 1325 3371 et

160 3427 161 3430 ’
204 3412 395 3484 aremorica
415 3411 494 3485 boas
507 3412 598 3483 idem
613 3419 738 3484 sonant
752 3418 774 3483 ⁸.

240 3641 265 3696 1.
281 3636 373 3696 Editio
388 3639 489 3710 altera,
505 3639 618 3696 curavit
633 3639 713 3709 Ebel,
730 3655 758 3712 p.
785 3651 989 3697 xxxa-xxxam

239 3730 264 3784 2.
284 3728 467 3800 Etbaogeaie
480 3727 645 3801 cauteiae„
673 3724 880 3784 Introduction.
897 3759 931 3768 -
947 3727 1095 3785 premiere
1121 3729 1223 3801 partie.
1237 3730 1322 3788 Glos-

203 3816 279 3874 sairc
291 3817 412 3889 gaulois,
433 3821 462 3871 2e
477 3818 595 3873 edition.
612 3817 700 3887 Paris,
715 3819 794 3887 1872,
808 3833 836 3889 p.
852 3819 979 3872 245-247.

238 3909 264 3962 3.
286 3906 321 3963 Η.
335 3906 464 3962 d’Arbois
475 3907 512 3962 de
524 3907 539 3962 J
542 3905 712 3975 ubainville,
723 3906 833 3963 Elaites
840 3905 1078 3977 grammaticales
1086 3921 1137 3962 sar
1148 3905 1187 3963 les
1199 3907 1321 3980 langues

203 3994 350 4068 celtiqaee.
368 3995 457 4066 Panis,
474 3998 554 4067 1881,
569 4011 599 4067 p.
617 3995 660 4050 14.
