2760 4912
704 183 863 246 ..52-

226 370 242 408 o
271 348 307 413 et
320 342 473 414 medicos
487 365 528 415 ac
547 342 655 416 fretos
670 352 868 438 geometres
882 369 1048 420 uocamus
1066 348 1101 420 id
1116 354 1171 424 est
1182 357 1346 446 expertus

225 485 241 521 n
271 457 458 529 herbarum
476 486 509 546 n,
525 459 552 529 f.
577 459 633 547 18,
655 459 700 532 18
714 469 760 532 v⁰.

270 573 515 660 Infamitatem,
528 575 553 645 1.
571 575 620 647 20
638 581 686 664 v⁰,
706 576 729 646 i.
755 599 787 648 e.
809 576 987 648 infamiam
998 598 1008 666 ;
1029 580 1132 650 unde
1151 579 1189 652 in
1206 587 1347 654 vetusta

220 688 534 781 Francogallorum
572 691 694 784 lingua
730 689 906 788 infamato,
937 688 1026 787 quae
1047 717 1116 767 vox
1144 695 1346 770 etiamnunc

220 804 412 876 aremorico
433 805 558 878 dicitur
577 803 783 904 (Infamata).

269 919 486 992 Inflectibilia
506 921 682 1015 (nomina),
700 922 725 992 1.
743 922 805 1011 38,
826 923 850 994 i.
873 945 905 994 e.
926 923 1140 999 inflexibilia.

270 1034 579 1108 Innarationabili:
613 1068 629 1104 «
662 1045 784 1112 ornato
809 1038 947 1132 quidem
971 1041 1033 1111 sed
1055 1081 1102 1096 —
1126 1042 1279 1117 circuitu
1311 1074 1342 1134 ›>,

273 1267 495 1358 Mititudinis,
511 1268 536 1339 1.
562 1267 608 1341 19
625 1275 675 1357 v⁰,
695 1269 719 1340 i.
739 1293 770 1342 e.
795 1269 1024 1345 dulcitudinis.¹

269 1386 480 1474 Perdoceat,
500 1384 526 1456 1.
550 1383 596 1455 12
609 1390 657 1471 v⁰,
674 1384 699 1455 l.
717 1385 779 1474 23,
799 1386 823 1457 1.
842 1411 875 1458 e.
897 1388 1081 1482 perdiscat.

268 1505 336 1593 Prq
355 1506 544 1595 posterato,
567 1499 591 1570 1.
614 1500 671 1587 11,
688 1501 713 1573 1.
733 1501 790 1588 18,
807 1503 831 1574 i.
850 1526 882 1573 e.
900 1510 1135 1598 praepostere.

267 1617 465 1703 Primitum,
482 1614 507 1686 f.
526 1615 574 1686 29
592 1621 641 1702 v⁰,
658 1615 684 1685 i.
707 1638 739 1687 e.
760 1617 929 1710 primitus.

267 1735 352 1820 Pus,
372 1731 528 1815 custodia
537 1752 547 1818 ;
569 1731 614 1802 of.
637 1760 653 1796 «
677 1733 748 1802 Pus
762 1733 855 1825 puris
873 1734 920 1804 fe.
944 1757 1001 1828 ge.
1019 1735 1044 1804 i.
1066 1734 1274 1807 custodia...

379 1929 390 1960 c
413 1908 469 1963 Pus
482 1923 534 1980 pro
546 1907 669 1979 putredo
683 1923 740 1962 non
755 1907 930 1965 declinabile
945 1909 1040 1965 credo.

449 1998 504 2052 Pus
515 1995 681 2052 declinatur
695 1996 826 2053 custodia
840 1997 1095 2069 quandorooatur.
1114 2021 1124 2050 n
1184 2050 1190 2059 .

643 2130 857 2223 (Catholicon
870 2132 1016 2206 loannis
1034 2133 1077 2206 de
1091 2133 1235 2224 Jauua.)

264 2318 581 2400 Quoerimoniantur
595 2340 668 2390 cur..
748 2319 774 2390 1.
800 2320 849 2391 29
863 2327 912 2403 v⁰,
928 2321 952 2391 i.
971 2343 1003 2392 e.
1026 2327 1215 2415 quaerunt3
1239 2345 1335 2416 quoe-

214 2436 477 2522 rimonautibuS,
499 2434 526 2505 1.
550 2433 611 2521 20,
640 2434 663 2506 i.
690 2457 723 2505 e.
753 2436 1009 2528 quaerentibus.
1038 2435 1196 2508 Averbo
1219 2440 1333 2532 queri·

213 2553 343 2637 monia,
365 2550 463 2645 quasi
478 2572 521 2620 ex
539 2571 678 2644 quaero,
695 2573 765 2622 non
780 2573 824 2621 ex
835 2573 959 2646 queror
976 2552 1194 2646 procederet.

262 2666 448 2762 SapidiuiS,
469 2665 495 2736 f.
521 2665 561 2736 11
579 2671 627 2752 v⁰,
649 2664 673 2736 l.
695 2664 753 2754 15,
773 2665 796 2736 i.
815 2690 847 2738 e.
870 2668 1004 2761 saporis
1011 2689 1021 2756 ;
1046 2667 1229 2761 sapificare
1245 2669 1333 2743 inci-

213 2785 359 2879 pientes
380 2782 406 2853 f.
426 2780 471 2853 16
489 2779 538 2868 v⁰,
554 2780 578 2852 i.
596 2803 629 2852 e.
647 2781 895 2876 philosophari.

261 2897 408 2992 Sepiter,
430 2897 456 2968 f.
476 2896 534 2986 16,
554 2896 577 2967 i.
601 2919 633 2968 e.
657 2919 774 2991 saepe.

259 3011 598 3087 subministratoria:
616 3035 760 3107 pars-
779 3011 956 3102 orationis,
978 3013 1004 3085 1.
1026 3013 1076 3086 26
1087 3025 1138 3086 v0.

259 3129 475 3214 Testimonii,
498 3127 524 3198 1.
556 3127 604 3200 38
631 3135 679 3215 v⁰,
704 3128 752 3200 39
779 3135 828 3215 v⁰,
855 3127 878 3199 i.
907 3151 940 3200 e.
967 3136 1095 3218 textus,
1119 3130 1328 3220 sententiae,

211 3244 467 3330 enuntiationis,
499 3243 544 3314 cf.
580 3241 709 3316 Anecd.
740 3242 932 3332 Helvetico,
969 3268 1003 3339 p.
1046 3245 1128 3334 197,
1164 3244 1189 3317 l.
1224 3245 1263 3335 5,
1298 3254 1333 3318 et

209 3384 243 3455 p.
255 3361 340 3448 200,
358 3361 381 3430 l.
404 3360 440 3431 6.
468 3358 709 3431 Testamentum
729 3359 765 3429 in
783 3359 912 3432 celticis
930 3359 1057 3455 linguis
1071 3361 1177 3433 talem
1191 3383 1331 3435 sensum

210 3477 366 3548 exhibet:
378 3475 554 3546 hibernico
569 3474 728 3562 testinata,
741 3481 869 3565 textus,
885 3476 1058 3549 cambrice
1073 3487 1179 3548 lesam
1197 3484 1327 3567 textus,

210 3597 466 3687 argumentum.

257 3706 497 3780 Transaedere
517 3705 563 3798 (in
587 3704 732 3778 latinam
758 3706 940 3800 linguam),
965 3706 991 3779 1.
1020 3707 1059 3778 11
1078 3713 1127 3797 v⁰,
1147 3706 1172 3778 1.
1199 3705 1326 3796 2526,

208 3823 232 3895 i.
255 3847 288 3894 e.
307 3821 502 3894 traducere.

257 3936 431 4010 Trierunt.
453 3966 468 4002 «
487 3935 649 4029 Plerique
668 3942 866 4009 nostrorum
879 3935 947 4010 hoc
962 3935 1107 4010 uerbum
1124 3935 1328 4031 frequenter
