2760 4912
710 168 869 233 ..35-

226 343 303 393 cem
322 320 422 392 unius
439 318 587 392 nominis
603 320 752 392 formam
774 320 881 409 nacti,
903 322 1063 417 aliquam
1097 348 1276 403 sensuum
1293 329 1340 402 dis

225 435 426 508 tinctionem
440 434 553 507 inesse
578 458 781 530 persuasum
809 436 1007 510 habuerunt
1030 446 1071 513 et
1095 442 1285 538 explicare
1305 444 1341 517 lu·

225 551 457 639 boraverunt3
475 550 511 621 in
534 549 660 622 talibus
681 574 785 645 porro
816 552 936 624 studiis
962 553 1189 651 quicumque
1215 560 1340 654 quaerit,

225 667 440 753 adinvenit,
458 673 519 738 aut
536 664 709 738 invenisse
718 674 832 761 putat.
850 667 989 739 Nomen
1008 677 1138 743 autem
1155 673 1343 747 insolentius

226 782 318 854 thora
334 811 350 847 a
368 805 430 853 rex
452 810 468 847 »
491 781 587 853 abeo
611 782 703 874 quod
724 788 778 855 est
800 781 941 853 turonas
963 784 1131 859 consulto
1165 796 1343 863 extractm

225 905 290 986 est,
308 897 397 968 forte
413 896 519 968 etiam
532 897 624 968 bona
638 895 719 984 fide,
742 920 821 969 cum
835 898 1007 991 ejusmodi
1020 905 1261 993 grammatici
1278 928 1344 977 veru

223 1013 332 1086 latina
349 1011 518 1084 vocabula
537 1034 559 1083 a
578 1011 715 1105 graecis
743 1013 857 1085 verbis
880 1012 954 1084 sine
986 1013 1061 1086 ulla
1084 1016 1176 1111 lege
1203 1020 1346 1093 derivata

223 1152 299 1201 esse
316 1133 521 1214 censerent3
544 1127 650 1198 autin
665 1127 781 1222 aliqua
795 1128 1032 1200 Barbarorum
1045 1129 1205 1226 vigebat
1218 1135 1344 1231 lingua,

225 1267 314 1340 quae
333 1242 379 1315 ad
397 1265 499 1315 aures
511 1241 654 1314 istorum
669 1243 905 1336 perveniebat.
932 1242 1032 1322 Quod
1045 1251 1176 1319 tamen
1191 1251 1280 1322 mihi
1292 1275 1345 1347 pa-

221 1384 300 1431 rum
313 1358 498 1430 verisimile
513 1358 675 1445 videtur3
698 1358 859 1430 libentius
881 1359 1061 1432 crederem
1086 1362 1289 1459 Virgilium
1300 1389 1346 1439 ve·

221 1499 279 1547 ras
293 1496 442 1547 arcanae
467 1473 646 1546 latinitatis
673 1474 905 1568 etymologias
923 1475 1069 1565 referre,
1093 1501 1190 1572 quas
1209 1482 1258 1554 ab
1275 1483 1346 1579 ipsis

221 1591 420 1664 auctoribus
433 1589 579 1662 traditus
607 1590 727 1660 audire
760 1591 883 1684 potuis.
920 1590 996 1662 Has
1023 1591 1188 1686 origines
1208 1620 1343 1693 saepea

221 1707 336 1779 latinis
353 1705 531 1778 vocabulis
556 1705 663 1793 ducit,
684 1712 793 1794 recte,
825 1713 861 1777 ut
890 1706 1075 1801 aliquando
1099 1711 1262 1807 perspici
1288 1737 1343 1809 po-

220 1828 299 1894 test.
331 1822 510 1901 Quaedam
542 1820 611 1891 alia
648 1820 827 1893 latinitatis
859 1821 1217 1899 abstrusioris'verba
1245 1830 1344 1902 talem

220 1961 356 2033 quoque
378 1938 549 2031 originem
581 1959 664 2031 prae
691 1959 728 2006 se
754 1936 847 2007 ferre
878 1937 1099 2009 manifestum
1113 1948 1184 2029 est,
1223 1952 1265 2017 ut
1282 1944 1342 2018 dun

219 2055 300 2142 duo,
324 2065 375 2126 tor
388 2061 472 2143 tres,
497 2052 576 2149 quir
601 2058 763 2147 quattuor
792 2049 1050 2148 (Appencliuud
1061 2077 1167 2150 opera
1202 2058 1342 2133 edituul

218 2169 346 2267 angelo
360 2169 472 2256 Maio,
489 2192 524 2262 p.
545 2168 634 2254 1643
657 2191 759 2262 putu,
777 2166 888 2240 Caelii
901 2167 1034 2241 sedulii
1046 2190 1163 2265 opero,
1177 2197 1217 2268 p.
1230 2175 1337 2274 426ss

216 2310 309 2383 quan
321 2285 469 2380 quinque
486 2282 591 2381 (App.
606 2307 642 2377 p.
658 2283 727 2354 164
740 2304 749 2370 ;
763 2305 879 2378 quam,
901 2283 997 2357 Cael.
1015 2282 1098 2357 Sed.
1111 2308 1166 2382 op.
1179 2312 1218 2384 p.
1230 2291 1319 2389 um)
1329 2294 1340 2369 ;’

213 2424 279 2489 seo,
295 2424 357 2474 sex
377 2397 490 2496 (Cael.
507 2397 589 2472 Sed.
612 2420 683 2495 op,
703 2422 738 2493 p.
755 2397 862 2490 426);
885 2422 944 2470 seu
962 2407 1095 2493 septem
1116 2399 1218 2498 (ibid.
1234 2428 1245 2494 ;
1267 2431 1336 2480 sem

218 2516 308 2613 App.
326 2539 361 2611 p.
388 2514 467 2607 164)
487 2537 571 2603 ona,
593 2521 685 2601 octo,
708 2523 775 2585 etc.

266 2749 310 2818 ll.
333 2748 508 2840 Perquam
526 2744 672 2816 arduum
691 2753 783 2817 esset
801 2746 991 2839 requirere,
1018 2747 1154 2841 quoties
1171 2750 1211 2823 in
1231 2754 1336 2827 nostri
1377 2758 1379 2767 '

215 2864 390 2935 codicibus
422 2862 566 2933 verbum
593 2860 694 2932 aliter
722 2860 885 2954 scriptum
913 2862 1087 2933 invenitur
1113 2886 1220 2958 quam
1247 2870 1336 2965 apud

213 2978 338 3050 latinos
359 2980 540 3050 Romanae
561 2975 773 3071 antiquitatis
798 2983 970 3065 auctores
992 2985 1108 3049 utrum
1131 2980 1336 3058 insolentior

212 3093 325 3165 forma
343 3117 364 3164 a
382 3091 531 3186 Virgilio
550 3091 654 3162 fuerit
669 3089 835 3178 adhibita,
858 3114 902 3162 an
926 3091 1042 3187 aliquo
1062 3093 1195 3167 librarii
1216 3122 1335 3174 errore

212 3209 400 3302 irrepserit.
423 3209 464 3278 ln
482 3206 601 3279 codice
620 3206 779 3278 Parisino
799 3207 972 3300 permulta
990 3215 1070 3280 sunt
1097 3213 1228 3285 menda
1248 3239 1334 3311 quae

213 3323 258 3395 ad
276 3324 438 3412 scribam,
454 3346 524 3394 non
542 3321 588 3392 ad
601 3321 789 3415 Virgilium
806 3321 979 3416 pertinere
996 3330 1129 3396 certum
1147 3335 1203 3400 est
1212 3350 1223 3417 ;
1248 3355 1335 3427 quo-

213 3462 290 3510 rum
311 3439 499 3533 praecipua
519 3437 650 3508 referre
669 3459 797 3531 operae
816 3437 965 3531 pretium
988 3461 1064 3510 esse
1083 3446 1184 3534 putu,
1207 3448 1334 3543 quippo

213 3577 302 3649 quae
321 3553 366 3625 ad
383 3553 569 3626 incertiora
583 3551 788 3646 explicanda
801 3575 871 3624 non
890 3553 975 3624 nihil
988 3553 1106 3627 valere
1126 3561 1277 3650 possint.

566 3794 747 3839 unrsnauuu
765 3793 974 3839 CONFUSIONES.

260 3915 403 3988 Plurabi
418 3937 481 4011 pro
500 3914 637 4011 plurali,
654 3914 681 3985 f.
697 3912 747 3987 25
759 3920 808 3987 v⁰.
