2760 4912
553 251 593 265 -
613 217 720 277 al.-

74 388 169 455 certe
188 382 231 455 P.
247 379 396 476 Vergilii
413 401 552 453 versum
570 385 715 451 noverat

216 538 273 603 Qui
289 537 411 596 Bavium
425 552 483 594 non
497 536 567 608 odit,
583 541 662 594 amet
674 541 726 594 tua
739 535 880 606 carmina,
896 535 997 607 Maeui,

76 698 178 772 quem
195 675 244 746 ita
272 672 417 745 detorsit
433 679 473 744 ut
500 672 544 743 de
571 672 712 743 Maeuio
736 671 1188 771 recentiorefgrammatico,

79 822 96 859 «
123 790 198 862 viro
212 791 248 861 in
261 788 470 861 carminibus
483 787 678 859 dulcissimo
700 816 732 874 »,
747 787 904 882 intellegi
922 795 1052 882 posset.

124 905 213 984 Quid
226 927 310 976 vero
325 902 509 975 dicendum
523 909 576 974 est
594 902 636 974 de
651 903 810 996 sequenti
823 902 916 992 loco,
932 902 990 998 qui
999 902 1143 997 legitur,
1158 904 1193 976 in

75 1018 270 1118 Appendice
287 1017 335 1091 ud
346 1041 447 1115 opero
466 1015 554 1091 edito
572 1016 614 1090 ab
633 1016 766 1115 Anpelo
780 1017 892 1107 Maio,
907 1042 942 1113 p.
962 1018 1050 1091 1652
1073 1049 1089 1085 «
1108 1020 1195 1093 Erat

81 1168 97 1203 «
124 1143 207 1232 aput
233 1134 473 1207 Nicomediam
496 1132 693 1229 Balapsitus
721 1156 831 1228 nuper
857 1135 928 1207 vita
958 1134 1109 1223 functus,
1138 1137 1196 1230 qui

81 1284 97 1320 «
126 1258 265 1324 nostrae
285 1249 505 1344 legislibroS,
523 1272 609 1344 quos
632 1271 701 1343 ego
723 1250 757 1321 in
782 1272 911 1343 graeco
938 1248 1076 1349 adionju
1101 1251 1195 1346 (lege

78 1367 191 1459 habuc)
219 1398 235 1433 «
257 1389 430 1453 sermone,
447 1388 502 1435 me
531 1364 671 1436 iubente
697 1366 800 1436 vertit
818 1366 853 1435 in
872 1366 1029 1454 latinum,
1046 1391 1197 1461 quorum

82 1515 98 1550 «
128 1490 180 1555 est
207 1482 409 1576 principium
428 1502 435 1552 :
453 1481 489 1551 in
521 1480 687 1574 principio
715 1481 850 1552 caelum
873 1489 1072 1576 terramque
1098 1507 1196 1556 mare

21 1605 25 1611 “
83 1631 99 1666 «
129 1599 311 1692 omniaque
326 1606 421 1670 astra
438 1597 577 1691 spiritus
591 1597 682 1669 intus
693 1596 800 1669 fovet.
822 1625 838 1661 u
856 1598 1036 1671 Habemus
1048 1598 1105 1672 hic
1121 1623 1198 1672 ver·

80 1739 155 1788 sum
173 1714 352 1786 heroicum
369 1735 377 1784 :

223 1880 369 1955 Principio
384 1881 499 1936 coelum
508 1884 678 1952 terramque
692 1895 774 1936 mare
785 1881 942 1953 omniaque
958 1885 1044 1938 astra.

130 2026 218 2097 Mihi
234 2027 370 2121 quidem
383 2025 519 2097 videtur
537 2025 734 2120 Balapsitus
747 2027 783 2096 in
801 2027 911 2120 primo
927 2028 1072 2101 Genesis
1086 2033 1201 2126 capite

81 2144 187 2215 latine
202 2143 378 2214 reddendo
397 2141 549 2213 imitatus
568 2164 644 2213 esse
664 2143 712 2217 P.¹
728 2142 876 2236 Vergilii
891 2163 1024 2233 versus,

226 2307 370 2382 Principio
385 2308 510 2378 coelum,
526 2324 560 2365 ao
573 2313 676 2378 terras,
692 2325 869 2384 camposque
884 2311 1030 2383 liquentes

226 2399 445 2469 Lucentemque
456 2397 576 2469 globum
591 2398 700 2470 Lunae,
716 2399 888 2473 Titaniaque
899 2405 984 2471 astra,

226 2488 351 2563 Spiritus
365 2487 443 2544 intus
456 2487 513 2542 alit.

710 2579 802 2648 (Aen,
818 2579 889 2649 l.Vl‚
905 2596 933 2635 v.
952 2583 1093 2650 724-726).

23 2752 87 2810 y
134 2726 229 2795 lnter
252 2746 388 2796 versum
413 2723 582 2819 Balapsiti
607 2725 664 2820 qui
692 2725 868 2819 antiquum
897 2726 1051 2822 rhythmi
1069 2752 1206 2802 morem

86 2842 248 2913 observat
268 2848 304 2911 et
321 2840 475 2912 carmina
488 2840 618 2912 Maeuii
637 2863 738 2935 quae,
761 2850 801 2912 ut·
817 2843 892 2936 jam
909 2843 1067 2931 vidimus
1085 2868 1207 2918 recen-

85 2957 192 3028 tiores
209 2957 308 3050 leges
326 2962 529 3050 sequuntur,
549 2956 701 3028 medium
724 2964 820 3029 tenet
834 2981 954 3031 versus
973 2961 1092 3053 graeci
1108 2959 1205 3059 (lege

91 3070 256 3169 Gracchi)
273 3073 432 3160 oratorie,

119 3305 122 3310 ¹
197 3261 208 3290 ι
231 3239 310 3297 Bella
323 3237 471 3296 Gallorum
485 3242 541 3326 totp
556 3245 727 3297 concessant
737 3241 767 3296 in
782 3241 860 3297 orbe.
876 3241 908 3293 »⁴

550 3332 568 3374 a

88 3388 159 3482 qui,
176 3393 214 3458 ut
228 3385 469 3457 animadvertit
483 3385 649 3473 Huemer,
670 3384 874 3458 hexameter
893 3395 958 3476 est,
981 3389 1043 3459 sed
1061 3391 1206 3464 auribus

87 3501 185 3596 vulgi
199 3500 493 3574 accommodatus.
685 3488 690 3498 ’
710 3516 712 3522 ’

136 3635 200 3706 lV.
229 3635 325 3714 Quae
348 3633 392 3705 ad
410 3633 589 3706 historiam
611 3641 780 3728 spectant,
809 3636 901 3730 apud
916 3636 1100 3730 Virgilium
1123 3662 1206 3711 raro

88 3773 171 3822 vere
184 3750 395 3838 referuntur,
412 3756 450 3821 ut
462 3749 498 3821 in
507 3750 666 3844 exemplo
680 3753 837 3845 sequenti
855 3773 862 3823 :
889 3781 905 3818 c
923 3751 1008 3825 (lum
1087 3753 1206 3849 Scipio

18 4003 22 4013 ·
125 3989 150 4047 1.
174 3985 295 4050 Classis.
309 3991 461 4044 auctorum
475 3991 495 4044 t.
512 3985 548 4057 V,
559 4003 587 4066 p.
605 3988 649 4044 59.
