2738 4936
612 209 770 274 -35...

84 345 86 349 ’
128 392 146 429 «
176 385 215 434 se
234 369 396 457 negatur,
433 363 689 434 adfirmantium
716 361 848 434 nullum
875 363 1012 459 penitus
1041 386 1168 436 nomen
1187 371 1247 437 aut

116 507 147 543 .«
177 479 322 549 verbum
349 484 409 550 aut
427 477 579 571 aliquam
612 478 777 550 orationis
799 483 948 572 partem,
982 479 1088 550 immo
1116 479 1247 550 nullam

128 622 147 658 «
176 615 288 686 paene
309 593 480 687 syllabam
498 601 558 664 aut
575 593 727 664 litteram
741 593 845 665 scribi
854 617 924 665 non
943 593 1077 665 ratione
1091 594 1242 688 plenam,

128 736 147 773 «
177 706 233 778 vel
248 707 396 801 quadem
415 707 468 779 sui
499 709 724 802 proprietate,
746 708 898 802 potuisse
916 737 933 774 υ
948 707 971 779 ¹.
997 709 1049 781 Cf.
1067 709 1177 803 Epist.
1197 711 1242 796 ll,

124 821 173 893 6:
199 822 451 893 «Nonnulli...
482 822 652 913 infinitum
678 846 753 895 esse
776 852 792 888 u
818 823 1022 918 [pronomen
1037 823 1109 918 iste]
1134 854 1150 891 (ι
1168 848 1246 897 cum

130 966 148 1002 «
179 937 328 1031 quadam
348 937 557 1009 defensionis
580 960 663 1010 suae
683 938 888 1010 auctoritate
907 938 1102 1027 hortantur,
1120 946 1159 1011 ut
1177 962 1245 1033 ego

129 1081 147 1118 «
177 1051 257 1123 iste.
275 1106 282 1122 .
299 1105 306 1121 .
318 1105 328 1141 ,
369 1053 462 1147 quod
483 1059 601 1124 tamen
636 1054 673 1124 in
699 1053 825 1125 nostris
855 1053 1061 1126 lectionibus
1085 1078 1157 1127 non
1174 1062 1246 1127 tam

129 1197 146 1232 α
177 1174 335 1262 prompte
354 1190 419 1239 nec
438 1175 560 1262 parate
587 1167 623 1239 in
642 1190 708 1240 usu
734 1168 891 1241 habitum
909 1171 1145 1264 repperimus:
1176 1193 1244 1242 uno

129 1312 147 1349 «
177 1283 305 1355 etenim
320 1284 690 1355 tantummodoinloco
704 1285 772 1355 hoc
790 1285 876 1378 legi,
893 1308 972 1357 cum
990 1285 1075 1358 (lato
1089 1286 1214 1358 dixerit
1235 1306 1242 1357 :

129 1428 146 1464 «
177 1421 245 1491 ego
264 1398 327 1470 iste
348 1399 406 1492 qui
427 1399 563 1471 locutus
590 1423 666 1470 sum
689 1422 696 1470 :
723 1400 814 1493 quod
833 1407 948 1471 utrum
965 1405 1059 1472 recte
1079 1425 1125 1473 an
1146 1424 1246 1473 secus

127 1544 144 1580 «
175 1515 340 1607 posuerit,
371 1537 442 1585 non
469 1522 522 1586 est
544 1515 659 1586 iudicii
673 1516 741 1586 mei
779 1515 967 1587 decernere
991 1524 1051 1587 aut
1078 1516 1241 1588 definire:

127 1659 144 1695 «
175 1653 253 1701 cum
271 1637 343 1701 tam
361 1630 469 1703 multa
484 1631 528 1702 sit
542 1639 578 1702 et
600 1631 741 1725 copiosa
763 1631 942 1703 latinitatis
961 1632 1065 1704 totius
1080 1632 1192 1727 regie,
1210 1639 1246 1704 et

128 1776 144 1811 «
176 1746 275 1816 utita
301 1745 414 1817 dicam
445 1746 593 1840 pelagus
616 1746 834 1835 immensum,
860 1754 898 1818 ut
935 1747 1084 1820 discerni
1103 1746 1242 1819 omnino

127 1891 143 1927 «
175 1860 391 1933 diversitates
408 1862 514 1955 ipsius
541 1870 577 1933 et
611 1861 703 1932 nolle
721 1891 737 1928 u
762 1864 796 1954 (i.
819 1886 851 1934 e.
887 1861 1015 1959 neultra)
1039 1893 1055 1929 (ι
1073 1863 1242 1934 adinven-

127 2007 143 2042 «
173 1977 286 2048 tiones
304 1984 340 2048 et
353 1977 566 2071 incognitae,
601 1991 639 2048 ut
669 1984 847 2071 putantur,
869 2001 891 2048 a
911 1978 1048 2049 nemine
1081 1977 1243 2071 adliqui·

126 2122 143 2159 «
177 2092 259 2163 dum
276 2093 410 2186 possint
431 2091 484 2166 »⁹.

173 2207 281 2279 Vides
300 2208 358 2278 hic
381 2230 539 2279 errorum
564 2207 677 2280 fontes
708 2207 1042 2279 abundantissimos:
1070 2205 1244 2279 seniorum

122 2323 380 2412 auctoritatem,
402 2323 460 2418 qui
474 2324 538 2417 ipsi
563 2331 789 2418 aut'parvam
814 2323 1000 2394 admodum
1027 2330 1089 2394 aut
1113 2321 1244 2393 nullam

122 2441 364 2511 Romanorum
377 2438 583 2534 scriptorum
597 2440 754 2511 notitiam
767 2439 944 2511 habebant
960 2461 970 2526 ;
988 2446 1024 2510 et
1036 2438 1177 2509 nimiam
1186 2438 1242 2510 la-

122 2555 217 2626 tinae
236 2555 377 2648 linguae
400 2555 632 2643 mirationem,
658 2556 757 2649 cujus
784 2578 828 2626 ne
854 2578 925 2626 uua
954 2554 1093 2649 quidem
1128 2553 1244 2625 littera

123 2693 228 2742 sensu
246 2671 385 2765 proprio
405 2694 524 2742 carere
539 2671 850 2765 possevidebatur.
868 2670 954 2742 Cum
966 2670 1075 2743 latino
1093 2669 1245 2741 sermoni

122 2786 207 2859 vitio
236 2787 324 2857 verti
347 2795 466 2880 posset
478 2809 598 2883 preces·
624 2786 874 2858 nominativum
897 2785 1083 2880 singularis
1110 2784 1246 2855 numeri

121 2926 194 2973 nou
212 2901 356 2990 habere,
392 2902 611 2995 grammatici
633 2902 691 2996 qui
716 2901 936 2995 antiquorum
961 2908 1142 2972 auctorum
1168 2898 1242 2969 fere

122 3018 255 3089 nullum
272 3018 447 3111 legerant,
464 3041 583 3090 casum
597 3018 693 3088 illum
710 3016 885 3088 bonafide
905 3015 1125 3103 effinxerunt,
1138 3036 1240 3111 pren,

123 3134 169 3205 ad
194 3133 303 3205 instar
335 3133 483 3205 nominis
507 3156 615 3230 repet,
645 3155 719 3219 rece,
742 3140 778 3204 et
787 3154 919 3227 precer,
960 3129 1150 3202 secundum
1173 3151 1240 3200 no-

122 3271 204 3320 men
221 3271 324 3345 seper.
354 3249 483 3320 Postea
500 3271 592 3344 repes
619 3271 663 3319 ex
681 3247 839 3341 exemplo
858 3247 1035 3319 nominum
1045 3267 1147 3341 pres,
1164 3266 1239 3331 retr,

122 3363 253 3436 factum
267 3372 320 3436 est
332 3387 418 3460 sepa,
436 3371 472 3436 et
490 3386 554 3450 ses,
575 3362 673 3452 redte,
706 3363 896 3435 secundum
919 3384 996 3459 per,
1009 3359 1105 3457 pedet·
1123 3381 1133 3448 ;
1156 3381 1242 3454 quas

121 3478 252 3550 formas
265 3486 389 3574 poetae
412 3509 428 3545 «
447 3487 588 3573 propter
614 3486 803 3550 metrorum
826 3478 1107 3549 necessitatem»
1137 3474 1239 3546 adhi-

122 3595 289 3681 buerunt3
312 3594 371 3666 alii
384 3617 469 3667 vero
483 3594 714 3688 grammatici,
732 3601 770 3666 ut
783 3593 951 3687 Virgilius
977 3599 1108 3679 noster,
1126 3589 1240 3684 dupli-

161 3885 186 3939 1.
208 3885 363 3956 Appendix
377 3883 418 3941 ad
431 3899 523 3955 opera
539 3884 619 3941 editu
633 3882 789 3954 abrupere
805 3882 899 3952 Mate,
913 3900 941 3957 p.
960 3885 1015 3939 8et
1026 3898 1070 3953 sq.

160 3975 185 4026 2.
209 3971 330 4030 Classic.
348 3979 511 4043 auctorum,
531 3976 551 4028 t.
569 3973 601 4042 V,
617 3990 646 4046 p.
662 3975 708 4029 26.
