2760 4912
606 242 765 302 ...14-

176 403 215 474 3⁰
240 402 357 474 Codex
371 402 697 496 Montepessulanus
724 401 875 494 (scholae
903 403 1133 505 medicorum)
1162 407 1245 497 306,

128 517 267 590 saeculo
279 539 390 606 nono;
404 524 567 612 excerpta
574 539 618 589 ex
630 517 797 612 Epitomis
806 517 924 607 habet,
936 541 1084 613 quorum
1092 522 1249 595 Huemer

128 633 301 728 specimen
322 632 432 720 dedit3
1279 650 1282 655 ’

175 748 212 820 4⁰
244 748 362 821 Codex
397 747 649 841 Neapolitanus
682 749 744 837 34,
783 751 841 845 qui
881 751 1022 823 saeculo
1063 753 1249 825 undecimo

127 863 287 959 scriptus,
303 862 478 958 Epistulas
496 869 531 934 et
549 863 729 957 Epitomas
748 865 855 938 habet
875 873 911 938 et
929 867 972 937 ab
994 864 1138 961 Angelo
1152 868 1250 941 Maio

27 992 44 1009 ··
128 978 239 1051 editus
258 984 324 1068 est,
348 985 386 1051 at
412 976 537 1073 partim
554 985 689 1051 tantum
714 1004 779 1054 nec
802 981 885 1054 satis
908 989 1071 1055 accurate
1101 982 1250 1076 (Classi-

128 1116 244 1167 corant
271 1106 446 1167 auctorem
473 1118 492 1168 e
516 1094 679 1168 vaticanis
704 1094 870 1170 codicibus
888 1095 1054 1171 editorum
1072 1108 1186 1171 tomas
1209 1103 1246 1187 V,

128 1232 162 1302 p.
187 1209 301 1282 1-149
308 1232 318 1299 3
348 1208 532 1308 Appendia
563 1209 611 1283 od
639 1234 740 1308 opera
770 1210 857 1285 edito
894 1211 937 1285 ab
963 1211 1097 1311 dapelo
1130 1214 1246 1302 Maio,

129 1325 278 1416 Romae,
298 1326 405 1416 1871,
427 1327 519 1422 apud
536 1327 727 1422 Josephum
745 1326 965 1424 Spithoever,
982 1352 1017 1424 p.
1043 1327 1245 1428 151-166);

176 1440 214 1513 5ο
239 1441 356 1514 Codex
375 1441 564 1538 Angelicus
584 1443 745 1536 (Romae,
763 1444 797 1514 in
825 1443 987 1538 angelica
1012 1445 1087 1516 ΡΡ.
1110 1443 1249 1540 Augus-

127 1558 277 1630 tinorum
291 1557 513 1647 bibliothoca,
524 1559 569 1630 V.
583 1559 620 1649 3,
632 1556 710 1657 22),
727 1559 867 1632 saeculo
880 1559 1028 1647 decimo,
1042 1560 1100 1656 qui
1111 1569 1249 1656 partem

128 1675 366 1769 Epitomarum
386 1675 540 1747 continet
553 1697 658 1770 quam
674 1674 846 1748 Arevalus
865 1675 972 1747 edidit
997 1676 1032 1746 in
1053 1677 1247 1771 appendice

52 1866 56 1872 .
129 1813 273 1886 operum
291 1789 455 1880 Sedulii¹,
477 1814 513 1885 p.
530 1789 617 1880 426,
633 1790 707 1863 427
723 1789 771 1887 (in
789 1792 898 1886 nota).

179 1906 271 1978 Satis
284 1906 382 1978 multi
406 1913 588 2001 praeterea
604 1906 672 1978 loci
690 1906 828 2001 Virgilii
852 1907 1071 2002 reperiuntur
1085 1910 1249 2004 operibus

129 2022 435 2118 grammaticorum
476 2022 623 2095 aliorum
663 2022 876 2095 intermixti:
901 2024 977 2119 jam
1015 2024 1119 2096 citavi
1154 2027 1188 2119 (ξ
1214 2025 1247 2123 1)

128 2137 300 2212 Anccdota
328 2137 516 2227 Helvetico,
552 2139 596 2210 ab
629 2138 763 2210 erudito
791 2139 865 2210 viro
887 2139 1089 2211 Hermanno
1117 2140 1249 2234 Hagen

129 2255 222 2326 edita
228 2275 238 2343 ;
261 2254 387 2326 addam
399 2254 597 2348 fragmenta
611 2254 739 2326 codicis
757 2254 984 2326 Nanceiensis
1002 2255 1088 2345 356,
1105 2256 1248 2328 saeculo

130 2377 253 2444 octavo
267 2369 323 2442 vel
341 2393 433 2441 nono
448 2370 644 2465 conscripti,
664 2393 752 2466 quae
772 2369 815 2442 A.
838 2370 1022 2464 Collignon
1034 2371 1127 2468 typis
1144 2396 1248 2444 man-

130 2485 225 2558 davit
244 2483 434 2584 (aenaeae
456 2485 649 2584 philologia,
672 2484 713 2558 cic
735 2485 921 2558 litterature
941 2498 973 2558 et
994 2484 1167 2561 dhistoirc
1189 2513 1248 2561 an-

128 2601 306 2674 cienncs...
329 2624 410 2675 sous
426 2601 462 2674 la
484 2602 652 2675 direction
670 2601 713 2674 de
733 2603 776 2674 Ο.
800 2603 973 2675 Riemann
993 2609 1028 2674 et
1054 2603 1132 2675 Em.
1160 2603 1248 2678 Cha-

129 2716 280 2790 telain...
303 2718 416 2807 Paris,
437 2717 544 2807 1883,
560 2741 595 2813 p.
617 2717 749 2809 13-22).

179 2834 322 2906 Codices
350 2857 454 2905 manu
477 2834 594 2928 scripti
612 2835 702 2906 inter
724 2857 761 2905 se
791 2834 975 2929 aliquando
998 2835 1146 2907 multum
1175 2837 1248 2909 dis-

129 2958 285 3045 crepant,
316 2956 352 3021 et
369 2949 436 3021 loci
462 2949 505 3021 ab
529 2949 605 3020 aliis
630 2950 682 3021 rei
705 2950 953 3044 grammaticae
981 2951 1180 3023 auctoribus
1203 2975 1249 3024 ex

129 3065 277 3159 Virgilio
297 3065 392 3137 citati
414 3088 519 3159 saepe
537 3086 650 3160 pauca
670 3072 731 3137 aut
749 3065 844 3137 nulla
866 3065 975 3137 verba
996 3066 1128 3138 habent
1147 3090 1248 3139 com-

129 3181 246 3252 munia
269 3205 348 3252 cum
371 3181 531 3275 operibus
555 3181 631 3276 ejus
649 3204 737 3275 quae
763 3188 958 3277 supersunt.
990 3181 1152 3253 Ceterum
1177 3207 1249 3255 non

130 3298 245 3368 omnia
268 3319 357 3391 quae
385 3296 521 3391 scripsit
544 3295 723 3384 habemus,
751 3303 787 3369 et
812 3297 1028 3391 grammatici
1051 3298 1110 3392 qui
1133 3297 1248 3393 impe-

129 3422 228 3485 rante
254 3412 377 3484 Carolo
400 3433 529 3506 magno
558 3411 750 3483 floruerunt
779 3434 901 3506 parum
928 3418 1089 3485 accurate
1112 3413 1249 3507 priores

130 3529 270 3602 laudare
286 3533 549 3600 consueverant.
1216 3515 1220 3521 ’

165 3832 191 3887 1.
214 3828 312 3887 Caelii
325 3828 444 3885 Scdnlii
466 3843 557 3900 opera
571 3829 672 3883 omnia
693 3828 734 3884 od
748 3842 815 3884 mss.
838 3827 922 3885 codd.
938 3828 1090 3883 vaticanos
1104 3827 1247 3898 aliosque,

130 3926 156 3977 et
179 3918 220 3975 od
233 3923 339 3974 cetcrcs
360 3917 502 3973 editiones
523 3917 707 3986 recognita...
733 3931 750 3973 a
771 3917 906 3973 Faustino
930 3915 1099 3972 Arevalo...
1127 3915 1248 3987 Romae,

131 4005 352 4066 nocaxcffl.
