2760 4912
476 295 479 299 ,
603 218 761 281 -as-

73 360 77 366 ⁴
125 406 189 479 pro
213 383 356 470 'beclem
377 381 401 469 i,
423 403 457 454 e.
488 381 613 452 lwetot
631 379 773 455 Benim
791 402 854 476 pro
881 379 905 452 Ιι
928 380 1113 476 aliquando
1133 381 1244 478 scrip·
1347 432 1350 439 »

124 498 341 605 tam-inveni,
363 504 402 569 ut
422 526 439 564 «
460 494 630 569 rebtorum
660 525 693 584 o,
711 495 789 568 cod.
812 495 942 583 Paris,
977 496 1003 567 f.
1033 496 1079 569 14
1091 502 1141 585 v⁰,
1161 496 1185 568 i.
1209 519 1241 569 e.

125 615 317 702 rehtorum,
334 636 397 709 pro
416 611 612 685 rhetorum.

177 844 240 916 VI.
268 843 354 915 Viro
369 843 472 915 docto
483 842 639 915 Huemer
651 840 789 915 videtur
801 841 970 936 Virgilius
983 842 1127 937 peritior
1139 842 1245 916 fuisse

128 960 314 1032 hebraicae
348 980 451 1054 quam
488 979 639 1052 graecae
664 956 812 1051 linguae
842 955 922 1050 (Die
963 956 1154 1054 Epitomoe,
1199 981 1239 1055 p.

129 1075 213 1168 514)
225 1095 236 1162 ;
263 1074 320 1146 cui
342 1073 510 1146 assentire
533 1095 604 1145 non
622 1093 775 1167 possum,
802 1109 852 1128 -
876 1071 1008 1146 Multas
1023 1074 1122 1149 ‚enim
1139 1095 1246 1169 grae·

130 1213 191 1262 cas
222 1211 326 1262 voces
350 1210 439 1284 quae
466 1188 503 1259 in
534 1188 679 1261 latinum
699 1209 895 1260 sermonem
926 1189 1149 1278 transierant,
1186 1213 1247 1262 eas

130 1305 335 1400 praesertim
358 1326 448 1398 quae
473 1302 519 1375 ad
541 1311 636 1376 artes
658 1309 830 1397 spectant,
859 1310 978 1376 noster
999 1303 1244 1399 intellegebat3

131 1420 264 1492 sciebat
283 1418 440 1491 thronum
462 1419 607 1491 verbum
629 1441 651 1490 a
670 1441 800 1512 graeca
824 1417 945 1512 lingua
979 1425 1249 1514 transsumptum

136 1539 245 1607 esse¹.
277 1533 366 1614 Quid
390 1541 509 1607 autem
535 1533 578 1606 de
605 1533 770 1605 hebraica
794 1534 943 1622 noverit,
973 1542 1112 1628 praeter
1138 1557 1250 1629 pauca

135 1649 320 1737 vocabula,
336 1672 406 1721 non
430 1649 613 1743 perspicio.
639 1649 717 1720 Duo
736 1655 870 1721 tantum
894 1648 929 1720 in
952 1649 1072 1721 codice
1091 1650 1250 1723 Parisino

137 1766 371 1860 explicantur:

190 1911 206 1947 «
235 1879 528 1952 Cumehmentum
541 1878 684 1950 nonnisi
701 1885 833 1968 atreum
847 1879 945 1972 quasi
955 1879 1108 1951 diuinum
1123 1879 1251 1975 aliquid

141 2027 157 2063 «
187 1995 383 2068 necandum
408 1993 464 2080 sit,
486 1993 546 2064 hel
563 1992 654 2065 enim
676 2001 761 2087 aput
774 1994 899 2066 ebreus
917 1992 1003 2065 deus
1021 1995 1087 2066 erit
1108 1995 1254 2068 undeet

142 2143 158 2178 «
187 2118 272 2205 aput
285 2131 410 2204 grecos
424 2108 592 2181 eliumsol
606 2108 730 2180 dicitur
742 2136 776 2197 »,
797 2108 823 2179 f.
845 2107 907 2196 183
929 2107 988 2180 bel
1000 2109 1024 2180 i.
1042 2132 1075 2181 θ.
1091 2109 1134 2198 el,
1152 2110 1250 2183 deus.

192 2257 208 2292 «
230 2226 283 2297 De
302 2248 340 2296 re
359 2231 475 2296 autem
494 2230 530 2296 et
552 2245 698 2318 corpore
722 2223 821 2296 multi
846 2223 1051 2313 hoessitant3
1079 2248 1136 2298 res
1149 2227 1255 2299 ebrea

143 2373 159 2409 «
188 2341 304 2413 littera
318 2349 372 2412 est
393 2363 474 2434 quoe
496 2339 742 2434 interpretatur
758 2346 875 2434 caput,
905 2362 962 2412 res
989 2362 1075 2435 ergo
1103 2341 1171 2413 hoc
1204 2350 1257 2415 est

143 2487 159 2524 «
188 2456 279 2552 quod
299 2463 334 2553 et
359 2455 559 2550 primarium
577 2477 704 2527 nomen
730 2483 763 2544 u,
788 2456 814 2527 f.
832 2455 881 2528 20
894 2463 949 2543 v⁰;
967 2463 1074 2544 recte,
1096 2456 1190 2551 quod
1211 2457 1271 2556 ad¹

139 2572 340 2644 hebraicam
357 2570 513 2665 linguam
526 2568 692 2666 pertinet.

188 2686 293 2759 Aliud
306 2685 462 2781 ejusdem
484 2685 626 2780 linguae
653 2685 862 2758 vocabulum
879 2687 968 2759 bene
997 2687 1139 2759 citatum
1164 2687 1257 2782 legi·

140 2811 197 2875 tur
209 2803 245 2873 in
260 2799 455 2899 Appendice
471 2799 519 2873 ad
533 2823 637 2898 opere
659 2799 748 2873 edite
765 2799 807 2873 ab
830 2800 962 2899 Ampelo
982 2803 1087 2890 Maio,
1109 2826 1144 2897 p.
1166 2802 1252 2875 161:

145 2949 161 2984 «
179 2918 305 2990 coelum
320 2917 364 2988 ab
383 2917 555 2989 Hebraeis
573 2938 741 3011 aquarum
767 2916 932 2989 collectus
951 2925 1062 2994 mill
1082 2917 1205 2990 dicitur
1221 2946 1254 2990 ».

191 3033 297 3105 Plura
329 3032 413 3103 mihi
449 3031 609 3103 videntur
640 3040 786 3104 exstare·
808 3031 973 3105 hebraica
1008 3033 1116 3105 verba
1154 3056 1258 3128 quam

120 3137 122 3140 ’
143 3171 272 3243 graeca
290 3149 326 3219 in
344 3147 503 3220 undecim
521 3146 746 3218 latinitatibus
778 3147 948 3220 inusitatis
982 3171 1068 3242 quas
1090 3148 1259 3242 Virgilius

142 3264 275 3351 laudat,
247 3271 370 3335 nton
388 3269 449 3335 aut
449 3285 505 3334 em
523 3262 596 3356 ipse
619 3262 843 3356 excogitavit.
818 3263 960 3335 tExeo
975 3263 1051 3335 font
1036 3269 1071 3335 te
1086 3271 1164 3336 orta
1182 3285 1258 3337 csse

143 3385 304 3473 possunt

197 3491 376 3590 Colepbiu,
403 3491 497 3565 mille
527 3489 721 3590 (Appendie
753 3491 801 3566 od
817 3516 920 3591 opero
942 3481 1031 3566 edito
1057 3491 1099 3566 ob
1124 3493 1259 3592 Aopclo

145 3607 726 3756 Moio‚p.164)‚hebraiceqbg‚
754 3608 878 3756 ospbg

182 3901 207 3955 1.
226 3919 237 3951 ι
255 3897 320 3955 Loci
332 3895 369 3954 sd
383 3896 548 3955 sedendum
562 3897 666 3972 parati,
687 3898 766 3970 quod
779 3914 884 3972 graece
900 3898 1008 3957 dicitur
1020 3897 1144 3958 thronus
1162 3923 1184 3958 ι.
1201 3905 1260 3976 Ap-

146 3986 312 4061 predicari
326 4001 415 4058 opero
428 3986 509 4043 edita
521 3985 559 4043 ob
574 3986 681 4058 Arpelo
697 3987 791 4058 Maio,
807 4006 837 4063 p.
854 3993 919 4047 116.
