2760 4912
616 223 774 287 ..25-

85 393 87 399 ’
135 411 152 447 «
183 380 380 455 Affricanos
400 383 436 456 et
453 385 546 457 bello
566 386 705 461 uicisset
725 394 761 460 et
780 386 816 458 in
839 386 1054 458 dedicionem
1073 386 1251 481 recipisset

136 526 154 561 «
184 499 305 591 etipse
320 499 435 594 Scipio
453 499 652 575 Affricanus
666 502 789 576 ductus
806 531 822 568 υ
845 502 936 596 (lege
951 499 1067 594 dictus)
1091 532 1106 568 α
1125 509 1178 574 est
1194 531 1211 568 »
1223 501 1246 572 ¹.

184 611 344 684 Ceterum
360 614 401 687 de
416 615 588 690 historicis
605 619 708 691 rebus
723 624 783 690 aut
791 600 938 691 eosdem
952 617 1056 691 affert
1073 625 1246 706 auctores,

133 750 221 820 quos
241 728 283 799 de
304 733 539 822 grammaticis
557 732 654 821 citat,
671 741 732 806 aut
745 733 858 806 nullos
879 755 887 804 ε

187 873 203 908 c
234 845 430 917 Secundum
455 848 531 920 illut
563 848 712 937 OEneae,
748 850 797 939 ita
823 849 968 921 dicentis
998 870 1005 919 :
1043 847 1249 947 Annibalem
1323 849 1327 855 ’
1363 928 1366 933 ,

137 987 153 1023 «
183 959 312 1052 legitur
336 961 371 1032 in
400 961 455 1034 die
483 964 564 1036 belli
591 964 716 1037 dixisse
745 989 807 1060 pro
839 965 1065 1037 tricentorum
1096 965 1250 1036 uirorum

136 1104 152 1139 α
181 1077 337 1168 potentia
351 1079 523 1174 armisque
537 1079 641 1152 hodie
660 1104 772 1162 meme
793 1089 905 1154 utar»
923 1079 946 1150 ².

186 1220 202 1255 α
232 1191 429 1264 Secundum
464 1195 540 1266 illut
571 1196 746 1290 Galbungi
776 1197 834 1269 ubi
867 1197 909 1268 de
937 1196 1056 1268 Turno
1088 1218 1250 1290 quassum

135 1337 152 1371 «
183 1306 266 1378 facit
288 1308 360 1380 :At
374 1333 471 1398 uero,
493 1312 623 1405 inquid,
641 1336 703 1384 rex
722 1313 860 1384 Turnus
878 1337 921 1384 ne
945 1312 1109 1406 populum
1133 1312 1250 1383 incas-

134 1452 151 1488 «
184 1446 260 1494 sum
278 1447 340 1517 pro
359 1427 482 1520 fligare
501 1456 516 1492 »
543 1426 580 1524 (i.
598 1451 630 1498 e.
641 1422 855 1526 profligaret)
880 1458 896 1494 u
919 1452 984 1499 neo
1002 1428 1124 1499 urbem
1142 1427 1249 1498 Fide-

135 1577 152 1611 «
182 1568 263 1638 nam
282 1545 456 1638 perderet,
473 1567 536 1637 pro
564 1544 688 1615 liantes
716 1574 732 1608 »
766 1545 801 1638 (i.
818 1568 851 1615 e.
878 1532 1098 1640 proeliantes)
1123 1565 1249 1637 «pene

135 1691 152 1726 «
182 1660 317 1733 sedauit
335 1660 469 1732 animos
491 1659 541 1728 »³.

186 1807 202 1842 «
231 1777 280 1848 Ut
305 1776 341 1846 in
369 1776 438 1847 suis
472 1775 681 1847 carminibus
715 1799 992 1872 unumquemque
1020 1797 1160 1846 uersum
1187 1797 1249 1846 suo

135 1923 152 1959 «
181 1891 305 1963 reddat
335 1892 415 1980 iuri,
440 1915 484 1962 ne
517 1892 605 1963 sicut
632 1915 694 1962 rex
721 1890 920 1977 Alexander
944 1891 1084 1963 Macido
1114 1890 1251 1963 cuidam

135 2039 152 2074 «
182 2007 246 2080 sibi
278 2009 390 2080 laudis
421 2009 575 2081 earmina
607 2009 858 2081 decantandi»
891 2007 927 2105 (i.
964 2031 996 2078 e.
1030 2003 1249 2103 decantanti)
1323 2088 1324 2091 Ἴ

135 2155 152 2191 «
182 2125 351 2197 audenter
370 2125 603 2219 exprobrauit,
630 2147 692 2195 suo
717 2124 799 2196 uitio
819 2124 1051 2218 preciosarum
1071 2123 1115 2195 sit
1130 2123 1250 2194 furca-

135 2271 152 2307 «
181 2248 238 2313 tor
259 2269 275 2306 »
295 2241 386 2335 (lege
399 2239 584 2338 soeculari)
608 2271 624 2306 «
643 2241 946 2335 margaritarum»
965 2239 988 2310 ⁴.

85 2349 87 2355 ’
186 2387 202 2423 c
231 2357 317 2436 Quia
332 2358 388 2429 hic
402 2386 418 2422 »
434 2357 602 2451 [Latinus]
617 2388 633 2422 ι(
648 2356 724 2428 Beli
735 2357 912 2428 cuiusdam
926 2356 1021 2450 ragis
1038 2355 1250 2450 temporibus

136 2505 153 2541 «
182 2474 339 2571 fuerit'et
356 2474 462 2566 longe
478 2479 558 2544 aute
577 2473 774 2566 linguarum
795 2479 887 2543 retro
907 2479 985 2544 aota
1005 2472 1144 2544 diuissio
1162 2471 1201 2543 fit
1230 2500 1246 2535 »

135 2587 186 2687 (i.
210 2613 242 2661 e.
264 2588 320 2686 sit)
344 2620 361 2656 «
393 2613 524 2683 negare
550 2588 708 2682 cogimur
728 2588 933 2660 latinitatem
959 2596 996 2659 ut
1017 2594 1098 2682 pute
1121 2616 1137 2652 »
1157 2585 1194 2685 (i.
1213 2611 1245 2658 e.

130 2703 255 2802 equote)
284 2735 299 2771 α
322 2705 550 2799 antiquiorem
570 2727 614 2774 ex
627 2703 701 2796 ipso
713 2704 837 2775 Latino
859 2705 1078 2798 usurpauisse
1098 2704 1250 2774 uocabu-

136 2851 152 2887 «
174 2820 257 2892 lum.
284 2820 323 2885 »ὅ
342 2821 408 2898 Qui
426 2820 522 2893 locus
541 2842 611 2890 non
626 2820 786 2914 congruit
809 2843 887 2890 cum
909 2819 1027 2891 codice
1046 2818 1243 2913 Angelico:

135 2967 151 3003 «
181 2935 387 3024 Latinitas
414 2959 480 3032 quo
506 2935 666 3007 latinitas.
695 2936 728 3007 Is
756 2942 921 3006 centenos
951 2934 1111 3005 habuisse
1138 2935 1248 3006 fertur

135 3083 151 3118 a
181 3075 303 3124 annos
321 3052 388 3124 Hic
407 3053 459 3124 vir
472 3073 620 3146 magnus
638 3051 714 3137 fuit,
734 3057 768 3122 et
785 3058 908 3144 potens
928 3050 1009 3121 belli
1027 3049 1134 3144 regiis
1156 3056 1247 3121 tem-

134 3199 151 3235 «
180 3168 321 3263 poribus
338 3166 391 3238 >›⁶.

168 3384 193 3435 1.
216 3378 284 3436 Cod.
298 3377 399 3448 Paris,
413 3377 432 3432 f.
448 3381 481 3431 20
496 3389 536 3432 νο.

167 3472 192 3523 2.
214 3467 282 3525 Cod.
310 3467 410 3536 Paris,
431 3466 450 3521 f.
474 3469 517 3520 31.
540 3463 620 3521 Hane
647 3465 823 3521 sententiam
846 3480 1022 3538 componere
1037 3463 1106 3521 licet
1129 3465 1247 3535 vulgato

128 3556 208 3631 apud
223 3555 615 3612 recentioresVascouenses
628 3554 782 3627 proverbio
797 3570 803 3609 :
823 3574 833 3605 r
848 3555 940 3627 Saepe
956 3569 1033 3609 unus
1046 3553 1132 3610 homo
1150 3556 1249 3610 oente-

129 3661 182 3701 nos
197 3648 312 3716 aequat,
329 3643 445 3700 centeni
457 3659 515 3699 nou
530 3657 625 3699 unum
642 3664 663 3697 ι.
981 3629 984 3636 ’

167 3737 193 3789 3.
215 3732 299 3802 mid„
314 3732 334 3787 i.
353 3735 386 3786 13
401 3745 442 3787 νο.

167 3825 192 3876 4.
215 3820 335 3892 ibidus.
352 3823 395 3876 20.

167 3913 192 3964 5.
215 3907 330 3979 ibid.‚f.
348 3912 380 3963 11
395 3921 436 3980 vs,
452 3909 471 3966 l.
489 3910 580 3964 19-23.

168 4003 193 4055 6.
216 3996 313 4055 Caelii
327 3996 443 4056 Sedete
455 4013 545 4073 opera
605 4014 634 4071 p.
648 4000 699 4056 426
715 3998 756 4070 (in
771 3998 959 4074 appendice).
