2760 4912
614 235 773 297 ..55-

574 496 802 542 ΟΟΜΡΑΒΛΤΝΠὸ.

185 661 201 695 «
219 629 411 701 Possitiuus
422 628 551 722 gradus
559 629 864 721 proeomperatiuo
874 629 1012 722 ponitur
1020 629 1246 701 barbarice...

136 777 151 810 r
181 745 242 816 sed
256 745 344 815 haee
354 743 633 815 lieetdubitatam
648 772 664 807 »
680 744 770 836 (lege
785 741 1018 835 indubitatam)
1032 774 1047 810 «
1061 744 1160 815 nobis
1170 768 1251 816 auc-

136 891 152 926 «
180 860 354 933 toritatem
369 883 439 930 non
461 859 623 930 exhibeat
642 866 759 930 tamen
779 860 859 953 quia
881 859 1093 953 apierisque
1113 861 1250 956 gnaris-

135 1006 151 1041 «
180 976 273 1047 simis
296 976 379 1046 uiris
393 973 580 1068 ussurpata
595 958 675 1045 sunt
702 989 857 1067 apertam
878 974 1101 1046 diffissionem
1119 975 1248 1048 inferre

135 1122 151 1157 «
180 1114 250 1162 non
277 1091 463 1177 debent»,
498 1088 528 1160 f.
563 1090 628 1160 22.
653 1090 727 1160 Etsi
750 1090 946 1184 exemplum
969 1089 1056 1162 citat
1082 1089 1250 1184 Virgilius

135 1238 151 1273 «
174 1229 236 1277 suo
255 1228 399 1302 neepnue
418 1204 598 1290 electore»,
622 1229 683 1299 pro
704 1205 828 1298 major,
851 1213 968 1276 tamen
992 1205 1150 1277 conferre
1169 1205 1251 1278 lieet

130 1322 322 1392 locutiones
354 1344 440 1415 quas
486 1321 643 1391 Roenseh
681 1328 819 1410 tractat,
855 1320 946 1394 Ilolo
988 1318 1063 1392 und
1102 1319 1251 1417 Vulpem

130 1461 169 1531 p.
191 1436 277 1533 442,
299 1442 351 1506 est
373 1465 389 1501 «
412 1435 534 1506 bonum
550 1443 602 1506 est
621 1435 762 1507 obedire
777 1438 852 1507 Deo
872 1459 975 1532 quum
994 1435 1190 1508 hominibus
1203 1466 1240 1506 ».

184 1582 199 1619 «
228 1553 352 1623 Utrum
375 1551 504 1623 habeat
528 1552 734 1622 nouissimus
769 1552 1045 1646 comparatiuum
1086 1559 1120 1623 et
1161 1552 1251 1646 posi-

134 1708 151 1744 «
179 1679 288 1748 tiuum
308 1677 417 1747 lNon
436 1677 543 1746 habet
557 1677 746 1747 seeundum
762 1678 948 1764 Donatum,
970 1676 1159 1748 secundum
1174 1677 1250 1748 Pri·

135 1825 150 1859 «
167 1793 335 1864 ‘solanum
345 1816 429 1863 uero
440 1800 475 1863 et
490 1792 675 1886 Virgilium
688 1792 795 1862 habet
812 1821 827 1857 l
841 1847 848 1862 .
864 1790 1039 1865 Aneeu'otu
1053 1791 1247 1878 Helvetico,

129 1934 163 2004 p.
186 1910 264 1982 192.
278 1910 419 1980 Revera
431 1908 601 2001 reperitur
614 1907 957 1996 formanoor'srr'mlor,
968 1908 1060 2001 apud
1075 1907 1245 1994 Roensoh,

129 2025 222 2098 Ilelu
254 2023 328 2096 und
359 2024 519 2121 Vulpem,
536 2048 574 2118 p.
602 2024 688 2111 278,
712 2024 761 2095 of.
788 2024 987 2119 proximior,
1024 2024 1245 2117 postremior,

130 2140 329 2228 extremius,
351 2140 439 2211 ibid.
468 2141 598 2212 Noster
618 2140 720 2211 dooet
736 2140 877 2211 etiama
908 2138 1113 2233 quibusdam
1145 2134 1249 2212 scribi
1304 2177 1320 2239 j.

127 2256 294 2352 pluriores
321 2254 515 2351 (Appendr'u
536 2253 583 2327 erl
599 2278 700 2351 opero
719 2253 806 2328 eclllo
829 2255 870 2326 ub
898 2254 1027 2353 Anpelo
1054 2254 1165 2342 Mola,
1201 2278 1240 2349 p.
1325 2323 1332 2336 ι,

134 2371 228 2464 124),
249 2373 519 2466 comparativum
539 2371 702 2465 adjectivi
718 2371 855 2468 plurem
888 2379 923 2442 et
957 2370 1075 2442 herele
1099 2370 1248 2465 legimus

125 2487 294 2585 pluriora,
324 2486 416 2561 Ilulu
450 2485 524 2558 unrl
558 2485 719 2584 Vulpem,
754 2511 792 2581 p.
836 2488 922 2573 278,
951 2487 1001 2558 ef.
1027 2487 1239 2581 francogall.

127 2603 310 2700 plusieurs.
1329 2595 1335 2604 ’

552 2857 553 2860 ¹
570 2802 800 2845 SUPERLATIVUM.

184 2972 199 3008 «
222 2942 504 3034 Nonnumquam
525 2941 629 3011 etiam
644 2941 864 3035 conparalius
883 2940 1012 3034 gradus
1044 2964 1123 3013 eum
1143 2943 1259 3035 geni-¹

133 3088 149 3123 «
179 3050 251 3128 tiuo
271 3056 383 3128 eassui
398 3040 593 3127 adhesserit
605 3056 806 3150 superlatiui
825 3054 1013 3149 opusfaeit
1031 3056 1152 3129 etheo
1175 3080 1246 3129 non

133 3203 150 3237 «
178 3172 322 3244 rationis
336 3171 397 3242 sed
416 3172 597 3245 uetustatis
616 3179 669 3242 est
686 3171 771 3255 dieis
785 3172 877 3242 enim
896 3172 1006 3243 maior
1034 3172 1185 3243 omnium
1204 3198 1246 3245 ae
1315 3197 1318 3201 ·

134 3318 150 3353 «
179 3288 208 3357 si
222 3287 365 3358 dixisses
378 3286 548 3357 maximus
562 3315 595 3374 »,
613 3287 694 3357 cod.
720 3287 834 3358 Paris.
841 3342 850 3375 ,
867 3288 885 3357 f
890 3341 898 3356 .
916 3286 961 3357 21
984 3293 1031 3374 v⁰,
1050 3288 1100 3358 ef.
1126 3317 1142 3355 «
1156 3289 1247 3382 opti-

130 3426 219 3491 mos,
239 3402 400 3479 meliores
422 3401 438 3466 i>
459 3399 621 3498 (Annene
636 3401 815 3499 plorenlres
842 3424 992 3492 remens,
1026 3402 1122 3491 Diez,
1143 3405 1237 3476 trad.

130 3519 260 3607 Bauer,
281 3541 320 3612 p.
339 3515 398 3611 54)
419 3525 454 3589 et
470 3518 683 3612 francogall.
709 3548 725 3584 «
753 3518 786 3589 le
801 3518 971 3590 meilleur.
1001 3547 1017 3583 »

179 3633 307 3705 Contra
319 3633 567 3727 superlativum
580 3657 642 3726 pro
662 3636 897 3728 comparativo
916 3635 999 3729 poni
1019 3635 1141 3708 asserit
1168 3635 1246 3707 Vir-

132 3748 248 3842 gilius,
266 3749 357 3842 quod
376 3748 595 3820 barbaricum
618 3751 651 3821 ei
676 3750 826 3839 videtur,
848 3750 1111 3844 exemplumque
1143 3750 1248 3823 affert

135 3893 151 3930 «
181 3863 339 3934 omnibus
370 3863 574 3935 fortissimus
597 3865 739 3958 regibus
765 3893 797 3952 »,
823 3866 854 3936 f.
885 3866 929 3937 21
961 3872 1014 3936 v⁰.
1047 3866 1104 3937 cf.
1143 3867 1269 3960 pluri.
1301 3886 1304 3891 ’

131 4002 208 4057 mus
227 4001 344 4072 quam,
361 3978 531 4066 Roensch,
553 3979 645 4052 Itale
663 3979 736 4053 und
753 3980 912 4078 Vulpem,
934 4003 973 4075 p.
999 3979 1088 4052 418.
