2760 4912
534 201 693 263 ..63-

52 371 199 442 trierunt
215 396 246 455 a,
265 367 289 437 f.
308 367 370 454 24,
386 367 409 436 i.
429 389 461 437 e.
483 371 705 458 usurparunt,
728 363 773 436 ci.
793 375 899 437 terere
918 365 1021 453 vium,
1039 367 1114 455 iter,
1137 372 1172 438 et

53 484 215 573 tritavia,
232 481 514 555 trutinantem.

102 602 199 672 VIII.
217 601 269 670 De
284 598 423 691 Virgilii
441 596 610 669 latinitate
629 596 740 668 Julius
759 595 947 674 Quicherat
960 598 1063 694 hujus
1077 598 1171 670 modi

50 716 219 811 judicium
239 714 336 787 tulit:
362 713 537 792 «Quoties
557 714 720 805 dignatur
745 713 897 784 omnium
923 738 1082 786 sermone
1104 715 1168 803 uti,

55 855 124 902 non
150 829 361 902 ambitiosius
383 837 443 900 aut
467 829 621 900 vitiosius
648 828 729 899 dicit
751 828 920 922 Virgilius
943 831 1045 902 Maro
1067 854 1171 925 quam

56 946 169 1019 ornati
184 953 343 1018 auctores
367 951 404 1016 ut
419 944 579 1016 Sidonius
597 942 807 1038 Apollinaris
821 953 856 1016 et
873 946 1063 1018 Ennodius.
1082 946 1172 1026 Quin

55 1063 160 1134 etiam
173 1085 281 1157 purae
298 1067 332 1133 et
347 1059 538 1154 castigatae
559 1059 725 1131 orationis
748 1068 884 1132 amator
908 1062 1018 1132 videri
1032 1068 1147 1156 potest
1157 1086 1167 1151 3

54 1201 119 1249 nec
142 1178 220 1271 ipsi,
249 1177 312 1248 sed
339 1176 445 1248 aetati
473 1198 541 1269 qua
563 1175 648 1247 vixit
671 1183 707 1248 et
728 1176 865 1270 regioni
885 1176 1068 1250 tribuenda
1094 1187 1173 1253 sunt

55 1317 143 1388 quae
165 1292 372 1364 subridicule
388 1291 515 1361 menda
533 1287 686 1362 admisit¹
710 1319 741 1362 ».
1020 1304 1021 1309 ’

105 1410 203 1480 Haec
219 1411 298 1478 'tam
323 1407 415 1478 docti
435 1407 499 1476 viri
527 1407 699 1477 sententia
718 1414 796 1500 post
815 1407 889 1478 fere
922 1409 1173 1504 quinquaginta

55 1514 181 1597 annos
196 1547 266 1594 uon
292 1522 496 1616 abroganda
519 1529 582 1592 est.
607 1523 740 1594 Notare
762 1530 879 1594 tamen
902 1524 1003 1596 decet
1029 1527 1172 1598 latinam

55 1641 225 1733 linguam,
255 1637 404 1730 Virgilio
433 1638 583 1723 vivente,
608 1637 644 1706 in
663 1637 789 1709 scholis
818 1646 964 1728 tantum,
991 1641 1106 1735 aliqua
1130 1665 1173 1713 ex

55 1764 168 1850 parte,
190 1762 307 1826 notam
326 1754 445 1840 fuisse,
467 1776 545 1825 cum
555 1753 631 1847 jam
645 1754 842 1825 romaricus
862 1779 974 1827 sermo
993 1756 1100 1850 vulgo
1116 1781 1174 1829 au-

56 1870 200 1942 diretur.
218 1870 334 1960 Quare
348 1893 417 1939 non
433 1869 585 1939 omnium
603 1868 724 1962 lingua
734 1870 783 1940 uti
802 1878 951 1963 poterat,
965 1895 1047 1943 nam
1061 1896 1173 1967 neque

56 1986 204 2081 populus
221 2009 299 2057 cum
314 1985 472 2055 litteratis
487 2007 598 2077 neque
614 1984 678 2077 ipsi
698 1983 906 2078 Aquitaniae
925 1987 1067 2058 l'tterati
1084 1988 1175 2060 inter

56 2125 93 2173 se
103 2102 224 2194 lingua
239 2100 498 2194 congruebant3
512 2123 611 2194 quos,
628 2106 784 2171 veterum
798 2101 893 2172 libris
907 2125 1014 2196 prope
1035 2103 1172 2174 omnino

56 2217 238 2310 neglectis,
260 2216 355 2287 nulla
378 2216 565 2286 auctoritas
586 2215 630 2285 ad
654 2217 874 2287 concordiam
896 2217 1090 2311 redigebat.

106 2333 266 2404 Ceterum
290 2332 326 2402 in
353 2332 435 2402 Julii
462 2331 650 2409 Quicherat
680 2333 795 2403 verbis
822 2333 931 2404 nostri
956 2336 1173 2427 grammatici

57 2447 341 2541 compositionem
356 2454 391 2518 et
405 2454 514 2518 artem
535 2447 706 2518 scribendi
719 2447 924 2542 intellegere
941 2449 1040 2521 decet
1060 2451 1173 2544 potius

58 2587 161 2658 quam
175 2562 344 2656 linguam,
365 2562 407 2632 de
429 2585 496 2656 qua
515 2585 558 2632 ne
582 2548 685 2633 hodie
710 2563 847 2656 quidem
872 2563 1065 2636 decretoria
1091 2589 1172 2638 sen-

56 2679 165 2750 tentia
190 2679 274 2749 ferri
300 2685 427 2772 potest.
446 2676 605 2748 Auctoris
624 2678 729 2765 enim,
752 2685 787 2750 et
808 2702 844 2749 re
867 2678 942 2773 ipsa
960 2688 996 2752 ct
1016 2681 1173 2753 consulto

57 2794 255 2887 saepissime
282 2801 354 2864 tam
384 2792 533 2880 obscuri,
560 2799 663 2887 atque
690 2792 908 2866 librariorum
936 2796 1112 2868 erroribus
1139 2804 1174 2868 et

57 2909 191 2980 mendis
217 2916 289 2981 tam
311 2908 462 2996 obnoxii,
485 2908 622 2979 codices
647 2932 752 2979 manu
781 2909 927 3003 scriptos
944 2934 1074 2984 omnes
1098 2935 1174 3006 per-

52 3025 176 3118 legere
202 3031 237 3096 et
261 3047 464 3116 comparare
487 3024 581 3117 prius
604 3047 746 3095 necesse
775 3031 883 3113 esset3
909 3048 1013 3118 porro
1035 3035 1174 3120 praeter

56 3163 168 3234 pauca
188 3162 276 3233 quae
296 3140 415 3212 sedulo
430 3139 520 3234 typis
539 3139 746 3210 mandarunt
760 3139 885 3212 eruditi
898 3140 964 3212 viri
976 3142 997 3212 J
1000 3141 1058 3212 oh.
1073 3144 1173 3214 Hue-

31 3266 143 3343 mer,
162 3256 290 3349 Hagen
309 3263 343 3325 et
357 3243 731 3348 Collignon'excerpta,
748 3252 833 3325 nihil
846 3255 882 3326 in
896 3256 1053 3328 manibus
1066 3258 1173 3330 habc-

55 3393 132 3441 mus
160 3371 252 3463 quod
276 3393 346 3441 non
373 3370 496 3456 editor,
515 3370 607 3440 bona
628 3371 764 3463 quidem
784 3370 866 3458 fide,
890 3371 1114 3465 castigaverit
1138 3381 1173 3445 et
1246 3412 1251 3417 ·

54 3508 162 3580 purae
188 3485 366 3556 latinitatis
388 3485 508 3556 formis
532 3485 731 3573 donaverit;
754 3485 789 3556 in
808 3486 869 3557 tali
887 3495 1004 3558 autem
1023 3510 1171 3560 conver·
1280 3516 1283 3521 ’

54 3601 150 3672 sione
169 3600 265 3693 ipsae
285 3600 444 3673 notiones
462 3624 707 3695 nonnunquam
727 3608 911 3696 corruptae
931 3610 1021 3674 sunt.

94 3974 119 4028 1.
141 3972 386 4043 eratrorarqoeae
397 3955 565 4030 oscobares
577 3973 708 4042 crarta,
726 3975 764 4028 1το
774 3973 859 4044 sene,
876 3977 896 4028 t.
910 3973 934 4029 11
948 3975 1051 4045 (1840),
1067 3992 1094 4048 p.
1108 3976 1169 4033 138.
