2760 4912
608 231 766 297 -31-

181 432 197 468 «
214 401 353 474 Bellum
371 407 569 473 autemnon
584 399 648 470 nisi
666 399 701 468 in
712 397 811 469 belsa
827 397 895 469 hoc
910 405 962 470 est
974 399 1010 468 in
1028 421 1151 493 campo
1170 397 1244 492 agi-

132 547 148 582 «
175 523 257 603 tur3
274 515 373 588 belsa
391 517 483 586 enirn
502 515 546 586 ob
560 515 627 585 hoc
645 513 769 584 dieitur
788 513 868 606 quia
885 513 983 585 belsa
1003 513 1151 607 plurima
1165 537 1244 607 quae

133 661 148 695 α
178 639 257 702 sunt
269 654 369 724 gram
381 654 427 701 na
449 659 465 693 u
489 628 526 725 (i.
545 653 577 701 e.
596 626 796 725 promicat)
814 658 830 693 «
848 628 1043 721 profert».
1062 628 1147 700 uod.
1169 630 1242 700 Pa-

129 747 205 832 ris.,
227 747 253 817 f.
275 748 317 816 17
332 757 380 817 v⁰.
398 746 576 817 Habemus
590 745 646 814 hic
665 745 809 815 verbum
828 743 918 814 belsa
936 744 1040 838 quod,
1062 751 1100 815 ut
1118 743 1241 831 bessus,

129 862 164 931 in
182 862 330 932 nominis
348 861 630 954 interpretatione
653 859 802 952 Virgilio
829 859 990 933 occurrit.
1013 860 1124 931 Porro
1139 859 1245 932 Belou

130 984 165 1046 et
184 977 423 1070 geographica
440 999 508 1047 vox
527 982 590 1060 est,
617 973 720 1046 hodie
741 973 775 1045 lu
798 973 968 1062 Beuuce¹,
998 975 1054 1046 cui
1071 975 1244 1069 interpre-

128 1093 213 1163 tatio
232 1113 407 1184 «campus
429 1119 445 1155 »
468 1098 592 1162 natura
605 1088 698 1160 haud
709 1089 976 1161 absurdavideri
990 1090 1110 1184 possit,
1126 1113 1244 1184 quam·

128 1206 181 1277 vis
195 1206 332 1277 aliunde
351 1228 421 1276 non
439 1206 616 1299 probetur.

177 1323 229 1392 De
249 1322 374 1393 ceteris
391 1320 519 1414 linguis
539 1321 630 1414 apud
654 1320 839 1413 Virgilium
853 1321 1038 1392 Maronem
1057 1321 1142 1391 nihil
1164 1344 1245 1392 oon·

128 1443 208 1507 stat.
226 1437 346 1528 Roget
365 1437 407 1506 de
426 1437 614 1529 Belloguet
631 1435 915 1527 verbaquaodam
930 1435 973 1506 ab
989 1459 1031 1506 eo
1051 1436 1245 1507 allataibe'-
1310 1489 1314 1492 -

128 1552 202 1622 rica
220 1574 296 1622 esse
311 1550 500 1638 contendit,
521 1552 557 1621 in
575 1551 652 1621 loco
682 1573 784 1643 quern
803 1573 907 1644 supra
925 1551 1104 1654 oitayimus
1113 1573 1124 1638 ;
1141 1552 1243 1623 mini-
1264 1607 1268 1614 .

129 1673 317 1737 meantem
335 1667 590 1759 comprobavit.

168 1915 194 1965 1.
216 1911 258 1966 Cf.
270 1931 279 1960 ι
294 1927 347 1982 per
356 1912 438 1966 Balsa
447 1934 457 1964 ι
467 1912 494 1981 (i.
504 1929 528 1968 e.
538 1928 591 1984 per
603 1912 734 1982 Baisam).
746 1913 870 1969 Venami
878 1913 1039 1968 Fortunati
1049 1913 1247 1984 operupedes-

131 2002 216 2056 triu..
229 2043 234 2054 .
245 2000 393 2056 recensuit
400 2006 428 2055 et
439 2000 607 2057 emendavit
618 2001 714 2057 Bruno
721 2002 845 2072 Krusoh,
858 2001 985 2057 Berolini
997 2001 1246 2059 MDCCCLXXXV

130 2089 161 2144 in
177 2088 370 2144 Monumeutis
383 2088 561 2145 Germaniae
573 2090 737 2160 historicis,
752 2096 772 2146 t.
789 2091 835 2159 lV,
851 2107 884 2163 p.
904 2089 972 2145 221.
989 2093 1014 2145 8.
