2760 4912
563 240 776 304 ...18-

140 432 156 468 «
185 404 296 474 uirum
315 403 351 473 in
376 404 584 475 carminibus
612 403 845 474 dulcissimum
872 403 977 476 fuisse
1004 411 1156 498 nugatus
1178 408 1259 479 est?

139 523 156 584 «'
184 518 322 590 Etenim
346 517 435 590 haec
462 518 610 612 legimus
628 542 665 613 p.
691 519 739 589 79
763 519 856 589 Mai:
885 518 1100 612 Astipuletur
1118 521 1203 590 mihi
1222 522 1259 592 in

139 663 155 699 «
183 634 251 705 hoo
274 633 454 705 Maeuius¹
483 634 538 704 uir
561 634 597 703 in
625 634 834 705 carminibus
864 634 1093 722 dulcissimus
1121 636 1258 730 dequo

138 777 154 814 «
183 749 268 820 illud
287 772 349 842 pro
364 756 503 820 centum
522 757 595 820 est:
618 750 678 845 quz‘
697 747 820 844 forrum
838 748 947 820 mellis
963 746 1128 843 (Bauium
1144 751 1166 840 !)
1189 774 1259 822 non

138 894 154 930 «
183 875 288 950 amat,
315 863 463 935 edittae
490 865 644 935 carmina
662 863 812 935 Maeni².
842 865 908 934 Hio
936 864 1258 958 eloquentissimum

138 1010 154 1045 «
184 1002 325 1051 carmen
343 980 378 1050 in
393 986 471 1050 octo
484 986 601 1074 partes
621 978 786 1050 orationis
805 979 924 1066 edidit,
947 979 982 1049 in
1002 1002 1070 1072 quo
1085 979 1174 1051 haec
1190 981 1254 1069 ait,

137 1124 153 1160 «
183 1117 215 1166 e.
238 1119 271 1189 q.
301 1118 329 1166 s.
360 1123 375 1158 »
401 1095 457 1187 (H.
489 1095 630 1187 Hagen,
660 1091 833 1166 Acerdotu
856 1093 1046 1180 Helvetico,
1078 1118 1113 1187 p.
1146 1095 1253 1187 CVI).

133 1209 229 1288 Quae
244 1210 273 1280 si
285 1210 459 1282 accusatio
473 1232 558 1281 vera
573 1216 677 1297 esset,
689 1210 763 1280 fere
773 1210 869 1280 nulla
883 1209 974 1281 foret
989 1210 1077 1280 ratio
1093 1210 1258 1282 habenda

132 1347 248 1395 rerum
276 1347 362 1419 quas
385 1324 478 1395 solus
503 1323 671 1418 Virgilius
698 1325 946 1417 grammaticus
972 1325 1134 1395 affirmat.
1167 1326 1258 1397 Mihi

131 1446 249 1511 autem
262 1439 471 1533 perarduum
491 1438 627 1511 videtur
647 1440 738 1533 apud
757 1463 838 1510 eum
858 1439 1040 1511 mendacia
1056 1440 1257 1533 deprehen-

132 1555 228 1642 dere,
246 1555 402 1649 quamvis
421 1554 530 1626 multa
546 1553 636 1626 fictis
650 1554 765 1626 vorbis
779 1554 946 1626 involvat.

181 1670 341 1742 Maevius
361 1670 418 1741 ille
443 1671 485 1741 de
506 1693 573 1763 quo
593 1676 711 1741 noster
739 1670 950 1740 mentionem
969 1670 1053 1741 fecit
1071 1693 1141 1740 non
1162 1671 1256 1742 idem

132 1793 185 1858 est
202 1809 243 1858 ac
266 1808 394 1880 pravus
412 1792 516 1880 poeta
540 1785 639 1879 cujus
658 1785 789 1856 nomini
808 1786 850 1856 P.
875 1786 1051 1878 Vergilius
1075 1786 1178 1857 Maro
1195 1787 1255 1856 im-

131 1901 377 1975 mortalitatem
390 1901 496 1989 dedit,
509 1901 572 1972 sed
586 1923 709 1972 revera
722 1901 927 1993 gallicanus
945 1902 1049 1971 immo
1069 1902 1255 1993 aquitanus

131 2023 166 2088 et
190 2017 347 2089 forsitam
373 2016 550 2088 tolosanus
579 2016 837 2108 grammaticus
869 2023 907 2086 ut
929 2016 1104 2110 perspexit
1132 2017 1250 2088 Maius

133 2130 327 2228 (Appendia
351 2130 398 2204 od
420 2153 521 2227 opero
548 2129 635 2202 edito
656 2128 697 2201 ab
715 2128 848 2227 Ampelii
875 2130 986 2217 Maio,
1009 2155 1042 2225 p.
1074 2131 1153 2222 lla)
1165 2153 1175 2219 ;
1195 2132 1253 2226 qui

131 2248 274 2341 antiqua
292 2246 523 2341 appellatione
535 2252 732 2339 assumpta,
742 2250 862 2316 versus
875 2245 917 2317 de
930 2246 1161 2339 grammatica
1176 2254 1251 2319 arte

43 2408 46 2413 ·
130 2363 166 2433 in
193 2363 330 2456 vulgari
357 2385 516 2434 sermone
543 2368 578 2433 et
606 2360 769 2455 rhythmo
798 2363 991 2455 composuit
1020 2361 1075 2454 (of.
1108 2386 1187 2456 cap.
1220 2363 1249 2450 I,

132 2480 218 2569 §1v‚
236 2478 299 2549 sub
311 2478 407 2570 fine).

179 2584 236 2665 Sic
256 2601 291 2665 et
304 2594 373 2664 alia
387 2616 476 2688 quae
500 2592 667 2686 Virgilius
686 2592 789 2664 affert
806 2592 947 2663 nomina
966 2598 1001 2662 et
1011 2592 1139 2686 scripta
1154 2592 1250 2668 Cice·

129 2709 236 2797 ronis,
260 2708 413 2797 Catonis,
437 2709 591 2780 Terentii
614 2715 649 2779 et
668 2708 853 2779 multorum
876 2707 1058 2778 illustrium
1077 2709 1246 2800 virorum,

66 2854 74 2866 ·
129 2825 175 2896 ad
188 2825 434 2918 grammaticos
453 2826 626 2919 pertinent
644 2830 704 2895 aut
722 2824 885 2918 aequales
899 2829 960 2894 aut
977 2822 1080 2916 paulo
1096 2825 1253 2917 priores,

129 2941 222 3034 quod
239 2941 312 3034 ipse
331 2963 435 3033 saepe
462 2939 591 3011 indicat
599 2960 609 3026 3
636 2962 742 3033 quare
766 2962 845 3009 eum
863 2938 985 3009 fraude
1009 2938 1159 3012 lectores
1189 2940 1245 3014 de·

96 3135 98 3139 y
128 3055 242 3149 cipere
257 3055 407 3128 voluisse
422 3055 561 3126 minime
576 3055 694 3127 oredo.

176 3171 328 3243 Nomina
341 3170 400 3241 illa
415 3171 546 3242 adscita
560 3193 629 3240 non
639 3177 771 3240 tantum
785 3170 1019 3240 aLatinorum
1035 3169 1245 3260 litteratura,

125 3286 187 3357 sed
207 3287 311 3356 etiam
333 3285 559 3372 Graecorum,
587 3292 624 3356 nt
642 3286 829 3372 Homerus,
858 3285 961 3355 immo
986 3283 1244 3376 Hebraeorum,

125 3409 164 3472 ut
188 3401 383 3494 Sophonias
408 3403 439 3493 («
466 3399 658 3496 Sulphonia
672 3399 825 3471 hebraeo
846 3400 1016 3470 scribente
1039 3428 1072 3488 »‚
1099 3399 1243 3475 classic.

125 3528 314 3604 auctorum,
336 3522 361 3586 t.
384 3516 431 3603 V,
452 3538 487 3609 p.
509 3515 582 3607 20),
600 3515 835 3587 sumebantur.

174 3630 420 3725 Geographica
445 3653 581 3724 quoque
605 3630 714 3702 multa
742 3630 914 3703 vocabula
935 3630 1027 3724 apud
1056 3630 1245 3726 Virgilium

161 3926 185 3977 1.
207 3923 308 3993 Mevia,
329 3921 482 3995 Appendix
496 3921 532 3978 ad
552 3936 640 3995 opera
653 3921 730 3978 edita
746 3922 780 3977 ab
796 3922 905 3992 Angelo
921 3921 1001 3992 llaio,
1018 3937 1046 3994 p.
1061 3924 1122 3980 145.

162 4014 188 4066 2.
206 4011 276 4083 Mei,
292 4010 360 4068 ibid.
1026 4052 1035 4061 .
