2760 4912
684 199 841 265 ..28-

255 356 413 429 Librario
427 359 516 430 forte
535 359 746 432 addicendus
760 366 813 432 est
825 381 922 431 error
936 360 1097 431 scribenti
1115 389 1132 426 «
1149 361 1248 434 etsie
1263 383 1327 455 per
1361 425 1363 428 .

211 501 228 538 «
257 479 374 544 cetera
385 495 478 567 pana
495 502 528 563 »,
539 474 624 546 Ood.
643 476 772 563 Paris,
789 476 815 546 f.
833 475 877 546 14
891 482 939 563 v⁰,
951 474 1014 547 sub
1028 474 1111 564 tine,
1128 499 1190 569 pro
1198 487 1325 572 ponto,

208 594 247 660 ut
260 588 395 682 opinor,
416 589 440 659 i.
463 613 496 660 e.
513 597 610 658 πάντα
621 612 631 678 ;
649 590 694 662 cf.
705 601 841 687 pontes,
863 590 913 684 gl.
932 614 1051 664 omnes
1063 590 1149 684 (Tbe
1170 591 1329 664 Larem-

208 701 312 800 dourp
337 702 436 800 solio,
464 705 500 775 in
522 705 642 779 Bevus
667 706 808 802 celtique
838 707 868 795 I,
898 706 983 794 349,
1008 705 1033 777 l.
1068 708 1104 794 l;
1135 706 1251 778 codex·
1267 706 1328 776 ille

209 819 348 890 saeculo
364 842 456 891 nono
476 820 623 915 scriptus
637 844 786 893 arcanae
801 821 978 894 latinitatis
997 828 1049 893 est
1065 822 1327 909 documentum,

208 956 277 1027 qua
290 934 458 1027 Virgilius
472 936 656 1030 aliquando
671 960 752 1009 usus
767 921 844 1029 est).

257 1049 407 1143 Reliqua
432 1073 520 1144 quae
548 1053 584 1123 in
615 1053 734 1124 codice
758 1053 916 1125 Parisino
944 1052 1108 1147 leguntur
1138 1054 1332 1147 praecipua

210 1186 340 1257 graeca
353 1165 523 1238 vocabula
537 1175 726 1261 sequuntur
747 1190 754 1239 :

262 1309 278 1344 «
307 1280 370 1352 Est
388 1288 424 1352 et
441 1282 510 1353 alia
527 1283 723 1377 filosophioe
747 1306 803 1355 ars
824 1307 905 1377 quoe
934 1283 1122 1354 astronomi
1149 1306 1240 1354 nunc
1266 1308 1332 1354 cu-

214 1425 230 1460 «
259 1403 360 1489 patur
382 1425 398 1494 r>
417 1395 454 1495 (i.
477 1422 509 1470 e.
535 1400 740 1471 astronomia
758 1396 983 1495 nuncupatur)
1011 1430 1027 1464 «
1045 1422 1146 1492 quam
1172 1399 1332 1471 mahtes-

215 1541 231 1577 α
260 1512 328 1582 sint
342 1513 462 1605 graeci
477 1521 604 1587 uocant
621 1545 636 1580 »
659 1516 684 1587 f.
711 1516 755 1587 l8
774 1521 827 1603 v⁰;
849 1513 1046 1587 mubtessint
1062 1537 1124 1608 pro
1145 1514 1330 1602 mathesin,

211 1626 235 1697 l.
254 1649 286 1698 θ.
304 1629 451 1720 padusa?

265 1774 281 1809 u
310 1744 381 1814 Per
395 1745 557 1816 cronicen
575 1773 590 1810 »
612 1747 638 1818 f.
656 1734 718 1834 37,
737 1748 762 1818 i.
785 1770 817 1818 e.
835 1746 1046 1820 chronicam.

264 1890 280 1926 α
309 1859 439 1933 Grama
448 1869 501 1933 est
513 1861 719 1934 litteraturoe
734 1863 926 1957 peruidatio
942 1891 974 1949 »,
987 1863 1012 1935 f.
1035 1863 1091 1950 17,
1104 1862 1128 1933 i.
1149 1885 1181 1933 e.
1198 1862 1332 1952 littera,

211 1982 336 2072 γράμμα
343 1997 353 2065 ;
373 1977 417 2048 cf.
439 2007 455 2044 «
474 1979 676 2072 grammulis
694 2007 709 2044 »
731 1981 758 2051 f.
779 1980 823 2050 la
837 1989 872 2050 v⁰
890 1979 914 2051 l.
936 1979 993 2066 16,
1016 1979 1039 2049 i.
1058 2001 1090 2049 e.
1107 1978 1245 2050 litteris.

266 2123 282 2158 «
310 2092 472 2188 Syllabae
481 2117 602 2165 monas
612 2117 713 2166 senas
724 2094 857 2167 litteras
869 2095 1113 2166 transcendere
1123 2116 1194 2164 non
1205 2093 1337 2166 debent

218 2240 233 2276 ι(
262 2215 301 2280 ut
325 2209 444 2293 scrobs
470 2239 504 2301 o,
529 2210 554 2280 f.
587 2210 641 2280 14.
673 2211 801 2284 Mones
818 2212 842 2282 i.
874 2234 906 2283 e.
938 2210 1042 2297 solas,
1065 2209 1197 2301 adverb
1228 2233 1335 2304 quam

213 2346 335 2397 vocem
361 2324 565 2396 crediderim
593 2348 614 2396 a
642 2327 831 2420 composita
862 2324 1111 2422 monosyllabas
1140 2332 1349 2396 extractam

215 2462 307 2511 esse.
338 2440 436 2518 Haec
467 2441 639 2512 invenitur
675 2443 801 2536 scripta
832 2440 1096 2537 monosyllabon,
1128 2441 1211 2511 Cod.
1244 2441 1331 2512 Par.

214 2555 239 2626 l.
258 2554 319 2642 23,
336 2554 386 2625 24
399 2561 447 2643 v⁰,
465 2579 528 2650 per
551 2579 572 2627 u
591 2580 653 2651 pro
667 2562 709 2645 o,
731 2581 771 2628 ex
793 2557 957 2650 analogia
983 2558 1173 2628 formarum
1198 2554 1333 2653 (betra-

216 2681 353 2758 metrtu,
381 2681 623 2767 perdomemur,
656 2684 860 2759 eacmetrur,
887 2684 1088 2769 eptametruo
1113 2671 1208 2764 (Cod.
1245 2673 1332 2744 Par.

215 2787 240 2857 f.
261 2787 305 2858 19
318 2783 380 2882 νο).

269 2933 285 2969 «
307 2904 378 2974 Aut
389 2909 541 2998 agapeta
563 2931 578 2968 »
594 2900 687 3000 (sunt
702 2901 880 3000 adverbia)
901 2934 917 2971 «
936 2910 973 2974 ut
986 2926 1049 2997 pro
1072 2903 1222 2975 inuicem
1238 2902 1337 2975 labo-

221 3050 237 3084 «
267 3042 383 3090 ramus
401 3047 434 3107 »,
452 3019 477 3090 f.
494 3019 543 3090 38
552 3041 562 3107 3
578 3030 720 3115 opopetc
733 3019 756 3091 i.
776 3043 807 3090 e.
827 3019 1000 3105 amabilia,
1023 3023 1176 3111 ἀγαπητά.

267 3136 307 3205 In
329 3135 444 3206 verbis
464 3158 552 3228 quae
584 3135 751 3228 Virgilius
770 3136 929 3206 undecim
956 3134 1181 3206 latinitatibus
1199 3134 1335 3223 tribuit,

218 3273 307 3344 quae
323 3273 344 3321 a
363 3251 598 3344 grammaticis
612 3250 769 3345 ejusdem
788 3251 929 3323 scholae
951 3249 1089 3322 effictae
1109 3255 1222 3336 erant,
1243 3273 1337 3343 pau-

219 3366 356 3438 cissima
387 3367 522 3460 reperio
552 3388 640 3460 quae
660 3389 681 3436 a
710 3388 839 3459 graeca
861 3365 982 3458 lingua
1004 3364 1127 3437 deduci
1150 3386 1252 3458 posse
1280 3365 1338 3434 vi-

221 3480 380 3571 deantur,
405 3489 443 3553 ut
470 3481 599 3569 bertoo,
622 3488 760 3553 centum
781 3479 973 3577 (Appendisr
991 3478 1038 3552 ad
1052 3501 1154 3575 opero
1186 3477 1275 3550 edito
1294 3480 1338 3551 cd

219 3594 352 3694 Arpelo
378 3596 488 3683 Maio,
516 3621 550 3690 p.
587 3596 680 3684 164;
711 3595 822 3670 Caelii
850 3595 984 3669 Seduliz'
1010 3618 1123 3692 opero,
1158 3617 1192 3688 p.
1225 3594 1335 3687 425ss

258 3893 283 3942 1.
304 3887 347 3943 De
360 3902 431 3945 vera
443 3888 531 3961 hujus
547 3888 708 3944 sentcntiae
724 3887 961 3960 interpretatione
976 3884 1099 3942 dubium
1118 3881 1247 3940 afferunt
1257 3885 1340 3942 codi-

222 3991 290 4032 cum
305 3979 470 4036 ceterorum
484 3977 623 4034 lectiones
637 3992 710 4048 quas
726 3975 854 4032 Huemer
868 3974 958 4044 dedit,
973 3973 1030 4030 Die
1040 3973 1207 4047 Epitomoc,
1220 3990 1250 4046 p.
1268 3976 1334 4031 533.
