2760 4912
606 229 765 292 ...58-

125 399 193 480 tur,
213 391 239 462 1.
261 390 322 479 22,
339 391 467 464 nocitus
487 400 552 480 est,
564 392 589 462 1.
612 391 673 479 21,
692 414 780 485 quae
794 391 932 486 vulgari
951 394 1088 488 eloquio
1109 397 1246 470 adscri-

124 507 260 580 bendae
281 514 360 579 sunt
392 507 549 601 (vocituS,
585 507 755 595 Roensch,
780 529 815 601 p.
841 506 909 579 521
924 529 933 595 ;
968 508 1116 598 vocitus,
1147 514 1247 606 rogi·

123 631 191 711 tus
208 624 376 717 probitus,
394 631 475 711 etc„
494 623 723 710 Schuchardt,
746 624 821 696 Der
842 621 1056 697 Vodolr‘smus
1074 624 1132 699 des
1158 627 1247 701 Vul-

122 739 328 836 paerloter‘nr,
348 746 374 810 t.
389 740 417 826 1,
439 763 474 832 p.
497 738 570 831 36).

173 854 278 926 Forte
294 879 338 926 ex
370 854 534 948 analogia
565 854 755 925 formarum
783 855 961 928 vocitaret
981 847 1141 931 vocitatus
1160 884 1247 955 pro-

125 969 360 1043 diitmedr'tr‘uo
382 994 444 1064 pro
477 968 698 1041 meditando:
732 1001 747 1036 u
770 971 950 1043 meditiua.
968 1023 999 1043 ..
1036 980 1075 1046 ut
1098 975 1248 1048 factorio
1286 1056 1289 1059 ,

129 1118 145 1153 «
173 1093 339 1180 tanquam
358 1086 488 1158 sidicat
502 1085 617 1157 dicere
636 1086 842 1180 quandoque
853 1110 1008 1182 propono
1027 1118 1059 1177 u,
1081 1090 1106 1161 1.
1125 1090 1170 1162 31
1189 1099 1244 1179 v⁰;

124 1203 204 1294 lege
219 1200 372 1288 dicterio,
401 1201 458 1271 vel
484 1199 611 1298 fucere.
646 1200 698 1274 01.
725 1231 741 1267 u
770 1202 970 1274 meditativa
989 1211 1042 1276 est
1059 1207 1248 1278 verborum

125 1320 250 1404 forma,
273 1341 340 1411 qua
354 1339 424 1387 nou
444 1324 541 1387 actus
561 1317 621 1388 sed
650 1325 838 1412 apparatus
870 1320 1079 1408 ostenditur,
1105 1330 1144 1393 ut
1161 1345 1247 1417 par-

126 1433 251 1505 turio»
276 1432 485 1527 (Diomedes,
505 1433 559 1503 ed.
579 1433 673 1521 Keil,
695 1457 729 1528 p.
745 1433 841 1526 346).
865 1434 1028 1506 Similiter
1039 1445 1159 1508 noster
1173 1439 1248 1509 fre-

5 1603 23 1616 .
127 1549 344 1645 quentativas
357 1572 462 1643 saepe
482 1572 544 1642 pro
563 1547 773 1642 simplicibus
786 1549 918 1630 formas
933 1550 1095 1622 adhibet:
1147 1614 1150 1617 ,

181 1697 196 1732 «
227 1664 466 1737 coniunctiuus
489 1664 644 1736 modus»
668 1672 703 1736 et
724 1696 740 1730 u
772 1665 1047 1738 coniunctatiuus
1063 1669 1188 1740 modus
1213 1700 1246 1758 u,

125 1784 151 1854 1.
174 1782 222 1853 30
241 1788 275 1853 v⁰
287 1803 297 1869 ;
324 1811 340 1846 «
365 1779 644 1852 coniunctatione
667 1809 683 1845 u
706 1781 731 1851 1.
760 1781 809 1853 33
829 1789 878 1870 v⁰,
895 1782 918 1851 i.
943 1806 975 1852 e.
999 1785 1248 1877 conjugatione

128 1896 361 1990 (defectativa,
390 1896 467 1967 cod.
492 1897 623 1981 Naue,
642 1896 836 1990 Coliignon,
860 1921 894 1990 p.
921 1898 986 1986 193
1003 1900 1244 1986 intellectatio,

128 2013 241 2105 ibid).
388 2027 390 2032 '

179 2160 195 2195 «
218 2130 513 2223 Inquassatorum
542 2129 795 2222 conpossitione
821 2158 837 2193 »
865 2130 891 2201 1.
913 2130 961 2201 30
982 2137 1031 2218 v⁰,
1060 2131 1083 2200 i.
1107 2155 1139 2201 e.
1172 2156 1247 2203 sen-

125 2246 311 2317 tentiarum
324 2267 333 2331 ;
363 2245 407 2316 cf.
427 2267 642 2338 quassorum,
667 2245 696 2338 Ι1.
728 2244 776 2315 29
804 2253 853 2332 v⁰,
869 2247 896 2316 1.
922 2246 966 2317 12
984 2253 1032 2334 v0,
1050 2245 1074 2315 1.
1101 2247 1146 2318 14
1168 2256 1204 2318 et
1222 2248 1245 2318 1.

126 2341 187 2449 22,
209 2362 234 2431 1.
253 2361 300 2432 37
317 2383 326 2447 3
349 2391 364 2426 «
383 2384 532 2431 unum...
548 2384 709 2453 quassum
728 2389 761 2448 u,
776 2362 801 2431 1.
824 2361 872 2432 20
884 2383 893 2448 ;
916 2392 931 2427 «
955 2362 997 2432 de
1014 2363 1132 2433 Turno
1149 2357 1250 2456 quas-

127 2500 202 2547 sum
220 2476 305 2547 facit
322 2505 355 2564 u,
375 2477 401 2547 1.
428 2476 471 2546 13
485 2484 537 2562 v⁰;
550 2476 648 2547 breui
662 2500 800 2569 quassu,
818 2478 836 2547 1
861 2478 923 2565 29,
941 2478 975 2547 in
991 2479 1137 2571 quassiS,
1154 2479 1180 2548 1.
1200 2479 1249 2550 28

129 2600 180 2661 v⁰.
725 2618 728 2622 r

176 2707 333 2779 Roensch
352 2709 441 2779 bene
457 2709 665 2795 observavit,
681 2731 715 2801 p.
731 2708 815 2795 475,
834 2710 942 2780 muita
971 2708 1248 2801 francogallicae

127 2826 269 2918 linguae
284 2825 391 2895 verba
409 2824 577 2918 simplicia
595 2847 698 2895 sensu
718 2848 739 2895 a
766 2825 1027 2918 frequentativis
1042 2823 1164 2896 formis
1185 2826 1248 2896 de-

127 2942 239 3011 nivata
254 2963 329 3012 esse
349 2947 387 3012 ut
405 2942 554 3036 dpouoer,
568 2940 672 3037 fider,
680 2939 785 3035 jetur,
798 2964 911 3036 poter,
930 2949 1000 3012 etc.

86 3068 88 3071 ’
177 3055 357 3127 Secundae
373 3057 630 3151 conjugationis
652 3080 730 3127 cum
749 3058 851 3126 tertia
870 3080 1007 3151 quoque
1027 3057 1251 3128 confusiones

127 3173 241 3244 factae
261 3179 364 3243 suut:

181 3318 196 3352 «
215 3287 484 3359 commiscuntur
516 3316 531 3350 u
560 3287 585 3356 f.
608 3286 655 3359 39
676 3287 751 3380 (id,
782 3286 909 3359 Anecd.
942 3286 1077 3360 Helori.
1101 3310 1135 3380 p.
1159 3287 1249 3366 200,

128 3405 152 3474 1.
171 3404 245 3494 23).

178 3519 379 3613 (OEneas)...
419 3548 435 3583 «
467 3518 551 3588 dixit
580 3519 671 3610 quod
690 3518 757 3590 duo
777 3518 893 3589 futura
926 3525 1087 3610 tempora
1119 3516 1253 3591 habeat

132 3665 147 3701 «
176 3635 272 3726 utibp
295 3662 310 3698 »
331 3631 424 3729 (lege
439 3644 478 3704 ut
493 3630 559 3730 ibo)
583 3663 599 3698 «
622 3640 657 3704 et
676 3655 752 3704 eam
768 3641 802 3705 et
822 3641 906 3704 etr»
928 3633 954 3703 1.
979 3633 1026 3703 33
1045 3639 1093 3701 v⁰.
1128 3659 1145 3697 u
1172 3633 1252 3704 Hoc

132 3780 148 3816 u
176 3772 277 3820 nosse
287 3749 452 3820 debemus
462 3749 553 3842 quod
566 3748 830 3843 uniuscuiusque
844 3746 1096 3840 coniugationis
1106 3749 1252 3820 uerbum

132 3895 148 3930 «
177 3864 304 3957 duplex
324 3864 478 3935 futurum
500 3872 636 3956 tempus
656 3865 795 3935 habeat.
819 3863 972 3934 Dicimus
990 3863 1081 3934 enim
1097 3863 1252 3936 interro-

133 4008 148 4043 «
178 3980 270 4078 gabo
297 3986 332 4053 ot
355 3979 571 4077 interrogem
596 4001 659 4072 ges
688 3986 760 4074 get,
790 3979 914 4051 uidebo
941 3977 1092 4066 uideam,
1122 3979 1251 4054 audibo
