2760 4912
644 484 902 560 CONCLUSIO

262 691 377 785 Hujus
395 691 551 785 opusculi
568 713 738 762 summam
758 714 848 763 nunc
867 690 986 785 paucis
1000 692 1191 763 absolvam.

260 804 398 901 Virgilii
419 806 576 878 Maronis
598 829 706 900 opera
723 806 855 899 legenti
868 808 980 901 prima
1003 808 1158 902 quaestio
1180 810 1333 880 occurrit

210 945 294 994 num
312 928 427 994 mente
442 929 563 1016 captus
581 922 829 1016 grammaticus
840 922 956 1010 fuerit,
979 945 1025 995 an
1042 923 1208 995 lectorem
1231 925 1332 994 inur-

210 1038 300 1109 bane
329 1035 493 1109 delndere
522 1045 559 1109 et
584 1037 877 1131 impudentissime
911 1038 1071 1132 decipere
1101 1039 1261 1111 voluerit.
1295 1040 1333 1111 Si

210 1160 328 1226 autem
346 1152 545 1247 diligentius
559 1174 633 1224 rem
651 1153 874 1247 spectaveris,
891 1177 970 1225 eum
985 1155 1122 1247 putabis
1135 1177 1200 1226 nec
1214 1154 1331 1227 furen-

209 1274 281 1340 tem
308 1292 374 1341 nec
405 1268 608 1341 mendacem
634 1268 753 1355 fuisse,
783 1268 845 1340 sed
875 1268 1051 1363 magistris
1078 1270 1149 1341 suis
1185 1270 1331 1341 nimium

210 1383 357 1456 docilem
367 1407 495 1457 arcano
508 1384 680 1457 scribendi
689 1383 792 1454 modo
802 1384 1002 1477 frequenter
1015 1365 1210 1473 indulsisse,
1224 1409 1329 1480 quem

208 1500 362 1572 nondum
384 1507 478 1572 certe
496 1500 716 1593 interpretari
739 1498 906 1571 valemus.
929 1500 1030 1571 Hanc
1048 1500 1203 1572 fictitiam
1219 1519 1329 1594 'quam

209 1615 384 1687 Tolosana
401 1615 522 1687 schola
540 1615 757 1708 excogitasse
776 1615 912 1686 videtur
932 1615 1088 1708 linguam
1102 1633 1171 1686 n‘on
1189 1639 1330 1710 semper

208 1754 377 1825 seponere
403 1729 561 1824 potuita
587 1753 675 1823 pura
702 1730 921 1823 antiquorum
960 1730 1130 1802 latinitate
1161 1754 1275 1825 neque
1306 1755 1328 1804 a

207 1846 344 1940 vulgari
358 1847 434 1941 jam
451 1867 522 1916 non
544 1845 667 1930 latino,
684 1844 747 1916 sed
764 1844 1205 1942 francogallico‘sermone.
1229 1847 1328 1920 Alias

206 1961 345 2055 linguas
372 1962 448 2034 fere
470 1983 612 2055 prorsus
640 1959 826 2054 ignoravit.
858 1960 1002 2032 Nullum
1034 1962 1070 2031 in
1097 1962 1173 2057 ejus
1199 1961 1330 2034 libellis

207 2075 418 2174 deprehendi
433 2083 565 2149 certum
575 2081 636 2147 aut
649 2075 871 2169 germanicae
886 2076 1106 2148 antibericae
1121 2077 1323 2171 vestigium,

206 2200 242 2265 et
266 2185 374 2265 multo
403 2193 582 2287 pauciora,
598 2191 719 2285 procul
742 2191 858 2278 dubio,
876 2192 984 2263 verba
1013 2192 1156 2264 celticae
1179 2192 1326 2286 originis

205 2308 347 2381 adhibet
358 2331 461 2403 quam
479 2329 544 2379 nos
557 2306 593 2377 in
611 2306 780 2378 hodierna
792 2306 1045 2401 francogallica
1064 2308 1224 2381 dialecto.
1253 2348 1256 2353 ·

253 2424 367 2497 Valde
381 2424 574 2496 mirandam
583 2445 667 2511 sane
676 2423 712 2492 in
722 2423 950 2516 grammatico
964 2423 1220 2516 ignorationem
1230 2431 1325 2496 vete-

203 2564 281 2612 rum
295 2547 486 2626 auctorum,
510 2561 613 2632 qnam
633 2537 801 2631 Virgilius
819 2537 972 2627 exhibet,
990 2539 1194 2610 crediderim
1209 2547 1324 2611 ortam

163 2699 165 2703 .
204 2679 280 2728 esse
301 2680 346 2728 ex
364 2655 469 2726 nimia
491 2661 757 2748 praeceptorum
781 2660 816 2724 et
835 2655 1024 2725 amicorum
1045 2677 1186 2727 suorum
1213 2656 1323 2728 aesti-

203 2771 369 2860 matione,
398 2794 484 2865 quos
507 2769 618 2840 omnis
643 2769 808 2840 scientiae
833 2769 926 2840 solos
951 2778 987 2841 et
1009 2769 1324 2842 abundantissimos

201 2886 316 2959 fontes
328 2909 403 2958 esse
413 2884 606 2980 judicabat.
620 2882 704 2955 Cum
720 2889 836 2955 autem
849 2884 915 2978 ipsi
927 2884 963 2955 in
976 2884 1102 2957 tahbus
1116 2885 1236 2957 studiis
1250 2909 1322 2957 non

106 3084 109 3089 ,
201 3010 273 3075 tam
292 3001 537 3074 incredibiliter
554 3000 658 3072 rudes
675 2999 816 3087 fuerint,
836 3000 926 3093 quod
945 3024 1050 3095 supra
1068 3000 1320 3092 demonstravi,

200 3117 310 3190 videri
327 3124 442 3212 potest
454 3114 622 3210 Virgilius
636 3138 756 3186 eorum
780 3114 972 3187 doctrinam
991 3116 1033 3187 de
1058 3115 1230 3209 prioribus
1248 3141 1322 3188 non

200 3256 337 3327 semper
355 3232 563 3304 intellexisse
589 3237 650 3302 aut
675 3230 842 3302 memoria
866 3230 1061 3318 retinuisse,
1096 3231 1153 3325 qui
1177 3240 1323 3324 praeter

201 3348 465 3442 grammaticam
480 3354 591 3419 artem
604 3345 689 3436 nihil
703 3350 836 3416 attentn
852 3346 995 3439 dignum
1014 3347 1167 3418 duceret.

248 3464 420 3558 Quidquid
445 3462 481 3533 id
504 3469 568 3547 est,
591 3459 772 3553 VirgilinS,
796 3462 951 3553 quamvis
978 3461 1106 3533 veteris
1131 3459 1322 3536 latinarum

198 3579 391 3652 litterarum
412 3577 576 3650 historiae
596 3576 752 3669 ignarus,
774 3576 882 3648 multa
902 3600 967 3648 nos
989 3577 1116 3649 docere
1134 3584 1251 3670 potest
1275 3580 1320 3650 de

198 3694 441 3766 informatione
461 3699 600 3765 nostrae
614 3691 768 3785 linguae,
791 3693 890 3786 cujus
917 3692 982 3764 fuit
1000 3692 1136 3765 auditor
1154 3699 1190 3764 el
1208 3695 1319 3766 sedu-

198 3809 252 3883 lus
269 3809 510 3905 investigator.

549 4013 965 4029 w

424 4053 548 4103 Chartres.
567 4079 596 4089 -
613 4050 770 4114 Imprimerie
785 4052 900 4113 Dunnun,
917 4062 963 4100 rue
979 4049 1087 4100 Fulbert.
