2760 4912
610 191 770 253 ..10-

41 444 45 449 1
135 379 151 417 «
179 350 371 438 uocabitur,
412 352 492 446 quia
519 352 555 423 in
595 374 636 425 eo
669 352 800 447 antiqui
828 353 985 426 Maronis
1020 353 1163 449 spiritus
1193 377 1251 429 re-

134 495 151 531 «
180 464 334 538 diuiuit¹.
368 495 384 532 »
1171 557 1175 562 .

178 581 308 653 Noster
325 589 470 654 vocatur
487 582 668 676 Virgilius,
696 590 731 655 et
748 584 917 679 Virgilius
948 584 1063 672 Maro,
1089 609 1112 656 a
1131 609 1251 680 gram·

131 697 265 768 maticis
297 698 521 793 scriptoribus
549 697 606 793 qui
636 699 711 793 ejus
734 701 923 773 sententias
951 699 1103 773 afferunt
1115 723 1125 790 3
1163 702 1250 775 falso

130 811 255 885 dicitur
277 813 445 907 Virgilius
464 812 625 902 Asianus,
648 815 682 884 in
703 816 823 909 paucis
841 816 925 889 locis
943 815 1038 888 Artis
1052 839 1249 914 anonymae

130 927 351 999 Bernensis².

180 1042 326 1136 Legitur
342 1043 378 1114 in
393 1044 538 1138 egregio
559 1066 661 1139 quem
679 1045 815 1139 scripsit
828 1046 1039 1140 Comparetti
1054 1046 1142 1118 libro
1169 1078 1186 1114 «
1208 1049 1251 1121 de

129 1158 287 1251 Vergilio
317 1158 352 1230 in
380 1160 494 1230 media
530 1166 689 1232 aetate»
727 1168 882 1233 nostrum
917 1162 1184 1256 grammaticum
1216 1170 1251 1236 et

130 1297 343 1368 praenomen
363 1282 488 1368 poetae
511 1274 679 1347 Publium
701 1276 766 1348 sibi
780 1277 1003 1372 assumpsisse
1017 1277 1041 1365 ³,
1059 1278 1152 1372 quod
1166 1301 1252 1350 nus·
1288 1328 1291 1329 f

132 1411 235 1483 quam
247 1388 330 1461 alibi
343 1390 497 1462 invenire
511 1391 619 1484 potui.

179 1621 223 1694 ll.
250 1619 417 1713 Virgilius
444 1622 546 1692 Maro
579 1644 616 1693 se
646 1621 761 1693 Gallia
784 1621 966 1692 oriundum
992 1620 1133 1709 indicat,
1170 1645 1251 1695 curn

131 1735 250 1809 Gallos
271 1747 400 1808 nostroe
423 1735 608 1830 appellet&
635 1735 690 1808 Ab
721 1735 868 1808 Abbone
896 1737 1112 1809 Floriaoensi
1138 1737 1252 1810 Tolo-

132 1874 236 1924 sanus
267 1850 340 1945 ipse
370 1850 437 1923 dici
466 1852 632 1923 videtur:
673 1881 689 1917 u
720 1852 895 1946 Soripulus
928 1851 1134 1946 appenditur
1160 1853 1251 1926 XVI

136 1997 153 2033 «
183 1967 301 2060 granis
316 1966 431 2054 lentis,
448 1967 529 2038 licet
546 1967 714 2060 Virgilius
727 1968 922 2038 Tolosanus
936 1968 971 2037 in
990 1968 1060 2039 suis
1075 1969 1252 2062 opusculis

134 2111 151 2148 «
179 2089 313 2154 asserat
333 2083 471 2176 pensari
494 2083 615 2154 XVlll
636 2083 754 2176 granis
773 2082 908 2169 hordei,
930 2105 1163 2154 annumerans
1181 2085 1251 2155 tria

133 2227 149 2264 n
178 2220 291 2291 grana
323 2198 467 2290 singulis
499 2197 628 2291 siliquis
641 2196 665 2267 ³.
691 2226 707 2262 u
743 2192 856 2268 Locus
878 2198 936 2268 ille
965 2199 1007 2268 de
1025 2199 1185 2292 'scripulo
1212 2200 1249 2270 in

128 2313 238 2385 nostri
261 2313 422 2407 operibus
442 2335 530 2405 quae
549 2319 734 2406 supersunt
759 2336 828 2383 non
847 2312 998 2384 occurrit
1016 2320 1051 2384 et
1073 2314 1118 2384 ad
1141 2314 1249 2385 alium

131 2427 314 2520 Virgilium
332 2426 455 2497 referri
472 2434 600 2521 posset.
630 2427 771 2499 Priores
785 2429 941 2522 ejusdem
961 2429 1107 2499 nominis
1124 2453 1249 2521 gram-

129 2543 274 2614 maticos
292 2542 444 2636 appellat
461 2543 533 2637 ipse
547 2543 739 2637 Trojanum
758 2550 793 2613 et
815 2543 995 2630 Asianum,
1021 2550 1058 2614 at
1076 2545 1250 2616 nescimus

130 2680 215 2753 quas
246 2657 409 2751 regiones
438 2665 498 2729 aut
530 2659 633 2730 urbes
665 2659 713 2730 ita
737 2658 912 2752 designet;
941 2659 1112 2730 nescimus
1140 2660 1249 2731 etiam

105 2760 112 2769 ¹
129 2781 243 2845 utrum
257 2772 378 2844 tertius
400 2773 569 2866 Virgilius
589 2781 624 2846 et
644 2774 783 2845 ultimus
800 2773 916 2847 fuerit.
932 2771 1097 2845 Attamen
1116 2775 1248 2847 doctis-

166 3073 269 3129 11111
291 3072 448 3143 Epitomuo
474 3073 523 3128 des
544 3072 772 3129 Grcmmuttlcrs
808 3071 952 3142 Virgilius
976 3072 1061 3128 Maro
1080 3073 1156 3128 unct
1182 3074 1248 3129 dem

128 3162 336 3233 Fragmentum
358 3159 574 3216 Vu‘udobouenso
592 3160 887 3227 1955av0nDrJoh.
905 3160 1042 3216 Huemer.
1059 3160 1154 3231 Wien,
1176 3165 1246 3233 1882

126 3248 403 3320 (Sitzungsberichte
418 3248 471 3304 der
482 3249 636 3321 phil-hist.
650 3249 747 3306 Classe
758 3249 812 3304 der
820 3247 1015 3304 kaiserlichen
1024 3249 1180 3306 Akademie
1192 3250 1246 3307 der

125 3337 384 3406 wissenschaften,
401 3340 480 3407 1881,
494 3337 584 3394 XCIX
600 3337 650 3408 Bd‚
669 3338 692 3392 ll
709 3336 776 3407 nst),
793 3354 821 3410 p.
839 3339 900 3391 510.

161 3430 187 3482 2.
209 3427 243 3481 H.
260 3426 371 3497 Hagen,
385 3426 531 3482 Auecdotu
544 3427 702 3496 Helvetico,
716 3443 745 3499 p.
761 3429 804 3495 71,
827 3429 871 3495 80,
887 3428 935 3496 823
951 3429 979 3482 at
992 3430 1072 3482 recte
1092 3426 1244 3498 Virgilius

125 3515 196 3573 ibid.
212 3533 241 3590 p.
258 3519 302 3584 86,
319 3518 381 3587 131,
397 3520 452 3572 etc.
463 3517 472 3580 ;'
486 3515 628 3587 Virgilius
642 3517 727 3585 Maro,
742 3534 771 3589 p.
789 3519 849 3570 434.

68 3592 79 3607 ’
165 3609 190 3659 3.
218 3603 315 3676 Vtrpc'l
328 3604 369 3660 im
387 3603 559 3661 Mittelulter
573 3620 628 3661 vou
643 3605 798 3660 Domeuico
815 3604 1003 3676 Comparetti,
1027 3621 1080 3661 aus
1103 3604 1172 3661 dem
1191 3606 1245 3662 ita-

124 3692 289 3749 lienischen
316 3691 463 3750 ubersetzt
490 3708 547 3748 von
571 3693 650 3749 Hans
672 3693 830 3762 Diits'chke,
847 3693 883 3748 D‘
903 3692 976 3766 phil.
1007 3693 1135 3766 Leipzig,
1164 3697 1243 3764 4875,

125 3799 153 3854 p.
172 3784 213 3835 72.

161 3871 186 3924 4.
209 3868 328 3926 Clusstc.
342 3875 527 3927 auctorum...
542 3873 562 3926 1.
579 3871 614 3942 V,
631 3887 659 3944 p.
677 3873 721 3940 32,
736 3872 778 3926 44.

162 3960 187 4015 5.
210 3957 293 4028 Ibin,
310 3975 339 4032 p.
355 3961 416 4016 349.
