2738 4936
563 238 722 303 ..19-

79 400 297 497 peculiarem
323 422 463 473 sensum
486 399 629 489 habent,
660 400 822 495 quicum
851 400 1025 472 communi
1056 407 1092 473 et
1117 406 1200 473 noto

80 517 225 588 minime
243 515 428 610 congruit3
450 515 543 587 idem
561 515 604 586 de
626 514 798 588 historicis
821 521 857 588 et
874 515 917 586 de
937 510 1081 609 reliquis
1096 516 1201 588 etiam

81 633 190 703 rebus
203 653 308 725 saepe
327 629 394 703 dici
415 637 541 724 potest.
565 631 604 702 In
622 630 701 703 loco
721 653 823 724 quem
848 630 951 702 citavi
970 653 1046 724 cap.
1069 631 1097 718 I,
1121 635 1141 723 ξ
1165 632 1197 720 l,

81 747 197 820 Julius
209 745 396 826 Quicherat
414 746 557 838 putabat
571 746 686 818 Roma
705 746 869 818 Tolosam
888 746 1075 840 designari,
1098 746 1203 840 Trojc

83 884 172 952 vero
202 861 365 961 Romam,
400 860 550 935 Romulo
580 861 761 951 Walliam,
799 860 893 933 mille
926 862 1025 934 anab
1060 861 1204 958 longam

83 977 208 1065 vitam,
229 975 313 1048 etc¹.

120 1209 183 1288 ll.
211 1206 350 1281 Aeneas
364 1207 530 1301 discipulo
554 1230 616 1279 suo
635 1206 791 1279 dicebat:
812 1236 829 1272 «
853 1208 882 1279 Ο
908 1207 1036 1301 Uirgili
1057 1208 1205 1302 primum

89 1354 107 1389 «
135 1323 250 1395 sidera
276 1345 320 1393 ne
348 1322 461 1417 putius
495 1352 511 1386 »
544 1323 578 1415 (i.
609 1346 642 1394 c.
673 1320 845 1395 considera
871 1346 914 1394 ne
936 1323 1058 1419 potius)
1091 1353 1107 1389 «
1137 1323 1205 1394 tuis

89 1469 107 1505 «
136 1439 286 1510 inuentis
305 1461 409 1532 quam
427 1445 563 1508 tuorum
574 1437 753 1509 doctorum
772 1438 894 1510 credas
912 1439 1123 1532 exemplis...
1141 1438 1205 1509 Di-

89 1584 107 1623 «
137 1553 240 1624 cebat
254 1552 359 1623 etiam
373 1552 505 1622 nullum
520 1553 611 1623 diem
620 1559 730 1625 totum
742 1559 895 1625 totamue
906 1560 1043 1625 noctem
1057 1575 1206 1625 uacuam

72 1650 109 1735 ¹«
138 1691 161 1740 a
179 1667 359 1761 sapientiae
374 1666 494 1738 studiis
512 1668 634 1760 exigas
657 1666 738 1762 quia
766 1674 801 1739 et
823 1668 852 1740 si
872 1692 942 1740 una
961 1670 1015 1739 die
1032 1669 1089 1740 uel
1103 1675 1204 1739 nocte
1255 1658 1260 1665 ’

91 1814 109 1849 a
136 1783 323 1856 lectionem
336 1782 536 1854 itermiseris
555 1791 590 1853 ct
609 1783 759 1854 crastino
779 1785 893 1855 statim
911 1784 1032 1877 legere
1051 1783 1207 1878 coeperis

92 1928 109 1964 «
138 1920 260 1970 sensus
286 1919 432 1969 acumen
451 1897 664 1991 aliquantula
684 1897 767 1969 licet
792 1907 891 1992 parte
920 1899 1095 1993 repperies
1121 1898 1208 1969 dea-

52 2033 58 2041 ’
93 2043 110 2080 «
139 2019 256 2085 cutum
275 2012 447 2083 cotidiana
466 2035 613 2106 namque
624 2012 781 2084 lectionis
795 2013 939 2084 intentio
959 2014 1105 2084 acuendi
1120 2035 1204 2105 aug·

93 2158 110 2194 «
139 2135 256 2200 menta
270 2128 440 2221 conquirit
452 2126 584 2219 ingenii
605 2156 621 2192 »
641 2127 736 2219 (Cod.
753 2128 900 2198 Parisin.
925 2129 950 2199 f.
973 2128 1090 2220 23v0).
1109 2129 1207 2198 Haec

88 2250 277 2338 praecepta
285 2241 495 2320 dilectissimi
509 2243 679 2335 magistri,
697 2272 713 2309 «
725 2266 803 2337 quac
813 2251 955 2337 propter
966 2243 1056 2314 illius
1065 2243 1208 2336 longam

91 2358 283 2430 absentiam
297 2358 370 2429 sine
388 2357 540 2429 lacrimis
562 2358 628 2428 fari
649 2381 718 2428 non
740 2370 875 2454 poterat
897 2387 913 2423 »
938 2359 1030 2452 (ibid.
1059 2359 1084 2429 f.
1107 2359 1155 2429 23
1175 2364 1210 2428 et

91 2474 140 2547 23
153 2474 200 2565 v⁰)
216 2472 352 2544 videtur
363 2472 531 2566 Virgilius
542 2472 690 2566 fideliter
704 2474 908 2545 servavisse.
922 2474 1070 2545 Multum
1081 2495 1208 2567 operae

92 2596 128 2662 et
138 2587 267 2661 laboris
281 2595 453 2682 cumputo
466 2588 685 2681 impendisse,
699 2588 824 2661 multas
839 2588 1063 2683 pervigilasse
1074 2595 1206 2675 noctes

93 2712 131 2777 ut
150 2704 270 2776 doetus
289 2702 454 2775 evaderet
469 2703 610 2799 (sopiens
623 2703 683 2774 illa
702 2712 816 2776 aetate
830 2705 921 2775 idem
936 2712 1011 2776 erat
1026 2728 1067 2776 ac
1081 2703 1207 2791 doras,
1274 2796 1277 2803 Ι

92 2818 184 2891 unde
212 2818 462 2911 francogallica
497 2841 565 2889 vox
589 2820 732 2909 cocunt).
766 2819 813 2890 At
838 2842 1035 2913 quanquam
1055 2818 1211 2891 veritatis

94 2933 278 3006 candidum
291 2941 483 3005 amatorem
497 2957 533 3004 se
553 2934 722 3027 praebuit,
745 2933 917 3006 doctorum
933 2957 1072 3006 suorum
1091 2957 1211 3005 exem-

93 3050 159 3145 plis
184 3049 327 3120 nimium
355 3048 500 3121 credens
526 3050 702 3143 antiquam
726 3050 947 3121 traditionem
979 3049 1077 3120 malis
1107 3071 1211 3143 saepe

95 3166 206 3236 modis
225 3173 277 3236 est
295 3166 482 3252 insecutus,
508 3171 636 3236 etcum
653 3165 751 3236 vanis
770 3165 1076 3257 grammaticorum
1098 3163 1212 3234 fictio-

95 3281 195 3353 nibus
214 3281 301 3352 mira
319 3279 534 3371 indulgentia
553 3282 637 3372 egit.
660 3309 675 3344 «
695 3281 866 3351 Omnes...
886 3303 942 3350 res
956 3278 1154 3351 materiales
1176 3306 1209 3366 »,

94 3395 217 3490 inquit,
243 3425 259 3460 «
282 3402 319 3467 ut
332 3395 464 3488 lapides
479 3403 514 3466 et
533 3396 675 3467 arbores
697 3402 732 3466 et
750 3396 849 3490 siqua
866 3402 945 3467 sunt
963 3395 1099 3482 similia,
1125 3416 1212 3465 neu-

99 3541 116 3578 «
136 3494 247 3582 *tralia
260 3510 326 3582 dici
344 3509 471 3580 debere
493 3518 702 3582 consuerunt
725 3539 741 3574 »
766 3510 945 3605 [quidaml.
982 3537 997 3577 n
1017 3509 1101 3581 Inde
1117 3509 1213 3580 dice-

99 3656 116 3693 «
145 3627 230 3697 bant
242 3624 299 3697 hic
317 3625 383 3713 vir,
401 3632 436 3695 et
453 3624 530 3696 haec
543 3626 679 3713 mulier,
697 3635 732 3714 et
749 3626 816 3698 hoc
826 3626 925 3720 lapis,
943 3633 977 3696 et
990 3625 1057 3697 hoc
1076 3624 1212 3713 domus,

135 3919 160 3971 1.
183 3914 383 3985 Bibliothbque
399 3913 434 3968 dc
448 3912 553 3968 l’Ecolc
566 3913 617 3969 des
632 3913 763 3980 Chartes,
781 3918 819 3965 lro
833 3913 921 3983 serie,
940 3918 960 3969 t.
977 3913 1011 3983 ll,
1024 3929 1053 3985 p.
1070 3914 1131 3982 141,
1144 3913 1213 3980 1423

98 4004 137 4063 cf.
153 4003 185 4062 C.
202 4003 454 4078 unu-navam,
466 4002 536 4060 ibid.
554 4005 583 4055 ‘ze
597 4003 685 4065 stne,
701 4008 721 4055 s.
736 4002 770 4070 V,
786 4019 815 4074 p.
833 4005 893 4056 378.
