2760 4912
677 222 835 286 ..26-

242 388 288 457 V.
315 385 501 481 Virgilium
520 393 603 481 puto
617 386 652 457 in
672 407 807 457 summa
821 385 973 458 omnium
987 385 1199 481 linguarum,
1215 413 1318 484 prae-

195 509 249 575 ter
278 502 433 589 latinam,
459 502 678 596 ignoratione
707 509 883 573 versatum
918 523 1007 591 esse,
1038 525 1237 598 quanquam
1273 508 1317 578 de

104 615 108 622 ’
196 640 326 712 graeca
344 625 380 688 et
398 617 441 688 de
460 617 625 689 hebraica
644 640 748 710 saepe
767 616 930 710 loquitur.

243 733 313 805 Sed
332 733 417 804 utin
431 732 624 804 litterarum
638 732 795 818 historia,
818 731 921 803 itaet
940 731 976 803 in
994 731 1122 827 linguis
1141 734 1319 808 doctiores

195 849 325 920 amicos
339 856 375 920 et
392 848 579 941 magistros
590 854 736 919 noverat
748 870 789 919 ac
799 846 937 941 legerat
950 868 958 918 :
973 849 1049 942 jam
1068 849 1138 920 dixi
1157 850 1318 945 Balapsi-

195 970 280 1049 tum,
299 987 341 1034 eo
352 963 511 1058 jubente,
529 963 636 1035 libros
655 985 821 1056 agraeco
850 984 1009 1034 sermone
1028 965 1064 1034 in
1082 963 1229 1036 latinum
1251 967 1319 1060 ipsi

195 1079 339 1150 vertisse
371 1081 459 1172 (cap.
491 1080 536 1164 ΙΙ,
569 1075 691 1174 §IV).
722 1077 880 1148 Vidimus
912 1078 1018 1150 etiam
1048 1078 1139 1175 (cap.
1167 1082 1196 1167 l,
1227 1083 1248 1173 ἓ
1282 1082 1317 1173 3)

195 1195 373 1287 Reginum
391 1193 588 1265 Cornelium
611 1194 655 1264 ab
676 1217 717 1264 eo
742 1192 952 1286 appellatum
974 1217 1050 1265 esse
1073 1218 1259 1288 «graecae
1283 1204 1320 1268 et

195 1309 381 1381 hebraicae
404 1309 546 1402 linguae
577 1309 868 1403 promptissimum
899 1310 1136 1402 interpretem.
1166 1339 1182 1375 »
1206 1313 1318 1383 Immo

196 1424 364 1518 Virgilius
391 1425 541 1496 Asianus
568 1424 732 1496 asseritur
752 1424 984 1518 composuisse
1005 1447 1172 1518 graecum
1191 1427 1320 1498 librum

197 1563 300 1635 quem
313 1541 434 1612 tertius
454 1540 610 1635 ejusdem
629 1539 776 1611 nominis
803 1540 1051 1632 grammaticus
1078 1542 1184 1613 tradit
1210 1542 1320 1614 latine

196 1680 336 1727 versum
359 1686 375 1722 α
397 1679 419 1727 a
437 1656 578 1728 Galerio
594 1655 702 1727 nostri
719 1656 885 1748 temporis
905 1656 1134 1748 grammatico
1157 1685 1173 1722 »
1193 1655 1217 1728 ¹.

247 1763 361 1852 Quare
376 1773 516 1843 minime
532 1778 584 1843 est
602 1772 727 1842 mirum
746 1771 838 1864 quod
858 1778 977 1842 noster
997 1772 1176 1844 declarat:
1198 1804 1214 1840 «
1233 1774 1322 1846 Cum

197 1888 387 1960 haebreum
402 1911 588 1981 grecamue
604 1887 827 1959 transaedere
851 1915 866 1951 »
882 1884 982 1982 (Cod.
1000 1889 1149 1982 Neapol.
1168 1901 1320 1963 transse-

198 2000 289 2099 clere)
309 2034 325 2070 «
347 2004 512 2092 uolueriS,
530 2003 620 2074 hanc
641 2003 798 2074 omnibus
817 2002 928 2073 modis
946 2002 1090 2096 loquelis
1105 2005 1322 2077 orationibus

201 2150 217 2185 «
241 2119 449 2215 syllabisque
468 2120 628 2191 latiorem
648 2142 750 2189 ossen
765 2117 838 2189 dies
856 2119 894 2182 »²
915 2118 1011 2210 (Cod.
1034 2119 1184 2213 Neapol.
1208 2117 1321 2216 oslen-

198 2233 280 2324 dles,
301 2236 325 2305 i.
343 2233 539 2331 eoffendeu)
548 2256 557 2321 ;
577 2234 668 2329 quod
688 2257 757 2304 non
772 2257 814 2304 ex
829 2256 904 2321 sua,
922 2234 983 2304 sed
997 2257 1041 2304 ex
1055 2257 1194 2305 suorum
1211 2259 1321 2330 expe-

198 2350 322 2421 rientia
337 2351 473 2422 videtur
492 2350 731 2444 assumpsisse.
1094 2419 1096 2423 ,

169 2487 173 2495 ‘
249 2467 389 2539 luscitia
421 2466 541 2560 graeci
569 2466 737 2537 sermonis
769 2465 862 2560 apud
894 2465 1079 2558 Virgilium
1107 2466 1200 2537 haud
1238 2468 1320 2538 raro

46 2563 52 2571 ⁶
200 2581 412 2675 deprehendi
430 2589 556 2676 potest.
574 2582 664 2653 Huic
678 2582 819 2674 linguae
834 2604 974 2675 prorsus
993 2581 1193 2652 hebraicum
1214 2605 1318 2654 voca·-

199 2697 318 2768 bulum
346 2697 509 2770 adscribit
540 2719 548 2768 :
574 2727 589 2762 «
624 2698 694 2769 Xll
721 2698 822 2790 signa
853 2697 1056 2791 principalia
1088 2703 1321 2791 supputantur

203 2843 220 2879 «
248 2837 338 2907 quae
367 2814 486 2907 groeci
515 2836 572 2884 ma
596 2837 700 2884 zoron
721 2820 848 2884 uocant
870 2811 907 2876 »³
914 2833 923 2899 ;
951 2835 1110 2884 muzorou
1130 2820 1259 2900 autem,
1284 2813 1320 2883 in

200 2929 319 3001 codice
350 2929 582 3023 Neapolitano
608 2951 783 3016 macaron,
804 2928 896 2998 idem
918 2935 970 2998 est
993 2951 1034 2999 ac
1059 2930 1234 3024 puloopdh,
1249 2951 1321 3022 qua

200 3068 286 3115 voce
303 3045 531 3139 Septuaginta
549 3045 754 3138 interpretes
771 3067 833 3138 pro
849 3042 992 3133 ζῳδιακὸς
1010 3044 1062 3114 usi
1076 3041 1190 3114 sunt.⁸

249 3160 335 3230 Cum
353 3161 396 3232 de
416 3184 506 3231 novo
528 3159 678 3256 rhythmi
696 3183 838 3253 genere,
857 3159 949 3252 quod
967 3159 1001 3229 in
1028 3158 1136 3230 latino
1156 3181 1320 3230 sermone

110 3349 113 3353 ,
200 3283 282 3346 tunc
298 3275 486 3361 obtinebat,
506 3276 739 3369 comparando
751 3299 830 3346 cum
844 3275 958 3368 prisca
978 3281 1167 3345 metrorum
1183 3275 1320 3346 ratione

147 3389 149 3394 ’
200 3397 378 3483 ageretur,
398 3414 486 3485 quae
498 3391 713 3464 Graecorum
721 3391 886 3462 metricae
902 3390 967 3461 arti
977 3390 1109 3476 similis,
1127 3389 1188 3460 sed
1202 3390 1338 3483 Virgi-'

238 3731 262 3781 1.
283 3727 439 3799 Appendic
452 3725 492 3783 ad
506 3742 596 3798 opera
611 3724 691 3781 edita
706 3724 743 3781 ab
758 3725 866 3796 Ampelo
879 3725 973 3794 Molo,
987 3743 1016 3798 p.
1035 3726 1095 3779 135.

238 3819 262 3871 2.
284 3815 354 3873 Cod.
371 3815 471 3886 Paris,
486 3816 507 3872 f.
525 3819 557 3869 ll
572 3826 613 3884 νο,
630 3815 649 3870 l.
667 3816 701 3870 25
716 3845 749 3855 -
764 3813 784 3869 f.
802 3815 871 3870 121.
888 3818 913 3868 1.

238 3908 263 3958 3.
285 3904 353 3961 Cod.
369 3905 476 3974 Paris„
493 3905 512 3960 f.
531 3907 563 3959 18
576 3917 621 3959 νο.

239 3983 263 4056 4]
286 3993 424 4075 Huemer,
440 3993 498 4050 Die
511 3993 677 4064 Epitomae,
693 4008 722 4067 p.
736 3993 797 4070 513,
813 3991 844 4047 in
860 3995 935 4049 nota.
978 3987 980 3992 ’
