2760 4912
584 209 759 286 .-o-

128 368 271 463 originis
285 375 338 440 est
355 397 371 435 o
388 369 445 441 vix
459 369 583 442 dubiae
593 368 640 458 »¹‚
653 367 809 464 ejusdem
819 389 887 462 qua
897 365 1024 462 gallica
1037 391 1106 441 vox
1124 391 1246 468 cerpo-

128 482 247 572 bretos,
264 484 672 578 «summusmagistratus
684 511 716 572 »,
726 484 865 578 proprie
877 481 1244 579 «efficaci-Judicio»,

126 598 451 672 hibernicavetusta
467 598 559 698 serp,
576 629 593 667 «
609 599 714 671 heros
731 627 764 687 o,
782 598 975 670 aremorica
988 605 1125 672 vetusta
1135 623 1247 700 poerp

132 744 148 781 u
166 713 321 786 efficax»
345 716 484 808 (graece
499 713 698 812 to·[f]rppl;,
722 743 739 780 u
757 713 882 785 efficax
898 740 932 802 o,
948 715 1055 810 fe'pyor
1073 744 1089 781 «
1107 738 1244 810 opus»,

127 828 328 924 germanice
347 828 466 923 werlo).
492 829 659 928 Verpilios
673 829 837 922 gallicum
850 851 978 900 nomen
994 828 1100 901 latine
1119 861 1136 898 «
1158 853 1246 926 ope-

126 967 270 1018 rosus»
298 945 519 1039 interpretari
544 953 671 1041 potest.
707 944 763 1017 Ne
792 943 867 1037 quis
892 943 1036 1017 miretur
1067 948 1248 1019 mantuani

127 1061 217 1132 vatis
234 1083 363 1132 nomen
377 1060 537 1133 celticum
561 1083 650 1148 esse,
672 1082 751 1132 eum
770 1059 921 1154 majores
941 1060 1050 1132 nostri
1072 1060 1108 1132 in
1131 1060 1248 1134 Gallia

127 1168 295 1270 cisalpina
322 1182 374 1247 tot
396 1197 506 1248 annos
525 1175 690 1247 dominati
707 1174 856 1269 plurima
874 1176 1081 1248 vernaculae
1100 1175 1247 1271 linguae

127 1289 330 1386 reliquerint
352 1290 518 1385 vestigia:
541 1290 624 1362 satis
645 1297 698 1362 est
715 1312 910 1362 memorare
933 1289 1171 1364 Mediolanum
1189 1294 1248 1365 vel

127 1403 378 1480 Mediolanium
395 1405 529 1491 urbem,
545 1429 634 1501 quae
659 1405 856 1476 etiamnunc
877 1405 991 1479 italice
1005 1405 1143 1480 Milone
1158 1408 1248 1480 dici-

128 1527 198 1609 tur,
220 1519 384 1613 gallicum
401 1544 529 1593 nomen
542 1527 664 1594 tenens
680 1519 772 1614 quod
789 1519 825 1590 in
838 1522 1052 1616 transalpina
1070 1523 1248 1596 multoties
1281 1612 1285 1619 ἢ

128 1635 231 1732 periit
241 1635 265 1706 ³.

184 1749 329 1848 Voptlo
340 1772 467 1823 nomen
482 1750 575 1845 apud
593 1749 713 1824 Gallos
728 1751 786 1823 diu
804 1758 1007 1846 usurpatum
1029 1758 1094 1840 est,
1111 1759 1249 1826 mutata

127 1865 407 1961 pronuntiatione
426 1865 557 1960 primae
572 1867 702 1939 vocalis
721 1891 739 1940 e
756 1867 792 1938 in
807 1868 820 1938 i
825 1891 841 1956 ,·
860 1866 950 1938 unde
971 1873 1007 1938 et
1020 1866 1249 1941 nuncdicitur

127 1981 376 2075 francogallice
402 1979 545 2078 Vispile,
569 2004 640 2052 non
660 1979 834 2079 *Verpila
850 1983 975 2053 Utrum
993 1981 1138 2053 mutatio
1156 1983 1248 2056 haec

123 2084 205 2168 'soni
217 2097 357 2190 linguae
367 2096 495 2168 latinae
504 2096 688 2168 recentiori
703 2119 748 2168 an
760 2097 887 2190 gallico
901 2096 1052 2167 sermoni
1064 2097 1107 2168 sit
1116 2096 1248 2170 adscri-

128 2212 255 2299 benda,
277 2209 452 2283 affirmare
479 2233 547 2283 non
568 2212 691 2282 ausim.
711 2211 738 2286 I
756 2212 848 2283 enim
865 2234 928 2306 pro
948 2234 967 2282 e
987 2211 1024 2282 in
1041 2211 1150 2283 latino
1169 2235 1248 2284 ser-

128 2350 231 2410 mone
251 2326 387 2420 vulgari
410 2332 472 2399 aut
492 2326 624 2398 recenti
646 2327 828 2421 reperitur,
861 2350 931 2398 non
951 2334 1068 2398 autem
1094 2323 1155 2398 ita'
1170 2328 1248 2399 fre·

128 2450 274 2539 quenter
300 2449 380 2514 ante
404 2456 636 2514 consonantes
654 2441 727 2539 rp‘,
755 2449 791 2514 et
808 2448 930 2513 contra
948 2440 1092 2514 celticae
1111 2443 1248 2515 formae

128 2565 207 2632 sunt
234 2579 319 2652 quas
344 2555 475 2628 nomini
503 2555 643 2653 Virpilii
673 2557 781 2629 nostri
809 2549 968 2628 conferre
990 2556 1102 2629 licet:
1131 2557 1250 2655 cirpe-

128 2672 238 2745 bretos
255 2702 272 2740 «
298 2695 426 2744 nomen
443 2671 667 2766 magistratus
689 2700 722 2760 u,
748 2673 839 2766 apud
868 2671 1038 2742 Isidorum
1056 2672 1249 2767 Hispalen-

127 2811 214 2877 sem,
232 2795 268 2860 et
284 2787 320 2859 in
333 2793 470 2860 vetusta
483 2785 764 2860 Aremoricorum
777 2785 898 2881 lingua
907 2786 1114 2884 poirpiriooo
1137 2818 1153 2854 «
1170 2788 1250 2862 hin·

66 2945 70 2952 ·
127 2904 219 2977 nio»
247 2902 431 2998 (cambrice
445 2901 638 3001 pwcryros,
660 2902 799 2998 proprie
827 2903 989 2975 «irascor
1008 2928 1045 2992 u,
1065 2903 1248 2977 hibernice

125 3018 391 3118 serpoipioi,'cf.
414 3021 516 3117 ὅργη).
1099 3012 1100 3016 ’

175 3134 327 3208 Dubium
361 3157 497 3230 quoque
531 3156 607 3207 esse
637 3139 752 3228 potest
778 3155 824 3206 an
850 3139 969 3206 noster
996 3135 1276 3228 grammaticus,

127 3251 221 3325 aliud
238 3273 366 3324 nomen
383 3249 548 3346 puerulus
565 3273 588 3322 a
609 3255 708 3344 patre
727 3248 913 3344 acceperit,
930 3249 1023 3344 quod
1041 3272 1120 3320 eum
1139 3274 1248 3344 prae-

164 3530 190 3582 1.
210 3523 396 3596 leuse-libel,
413 3523 615 3583 &comatico
630 3522 743 3595 celtico,
763 3526 806 3594 11,
821 3525 866 3594 86,
883 3486 944 3581 766.

164 3617 180 3645 ⁰
246 3613 252 3626 .

163 3646 190 3758 Ξ.
211 3613 386 3759 iili'ililiciis
400 3699 437 3758 dc
451 3699 639 3773 lubainville,
654 3700 709 3758 Les
723 3701 855 3773 origines
868 3700 1017 3774 paoloises
1036 3701 1140 3774 (Beroe
1154 3703 1250 3762 tisic-

127 3792 223 3864 riqoe‚
238 3795 259 3848 t.
275 3791 373 3861 XXX),
388 3807 418 3864 p.
436 3793 479 3846 10.

165 3883 190 3937 4.
211 3880 294 3952 Hugc
308 3877 500 3949 Schuchardt,
515 3879 575 3935 Der
595 3877 775 3935 Votoli'smos
789 3877 839 3934 des
865 3877 1095 3952 Vutqrerloteios.
1113 3877 1246 3961 Leipzig,

129 3971 293 4042 1866-1868,
308 3971 329 4026 t.
347 3967 369 4039 1,
383 3983 413 4044 p.
429 3969 491 4038 857,
504 3970 525 4023 t.
541 3966 591 4038 lll,
606 3984 635 4045 p.
651 3969 713 4025 133.
