2760 4912
609 223 769 286 ..21-

131 411 149 453 «
178 407 278 474 suus3
309 385 432 481 quibus
453 409 519 461 nec
546 385 690 459 credere
720 408 785 460 nec
811 387 950 459 omuino
980 387 1177 462 discredere
1200 389 1245 460 li-

132 529 149 571 c
177 509 298 574 center
311 502 496 589 audemus¹
512 531 547 574 o.
1334 500 1337 504 “

179 616 396 714 (lumautem
410 641 480 691 non
499 619 542 690 de
556 617 728 713 prioribus
739 625 800 691 aut
821 618 1011 714 majoribus
1033 627 1117 693 natu
1131 643 1247 715 gram·

128 732 275 820 malicie,
294 733 356 807 sed
369 733 412 806 de
427 735 565 828 juniore
580 733 744 828 quodam,
761 756 864 827 quem
882 734 1247 833 fortassediscipulum

128 847 312 936 habuerat,
333 850 462 943 agitur,
483 872 554 920 nou
572 856 643 920 tam
663 849 788 920 eximia
810 849 916 920 utitur
935 851 1114 945 patientia.
1147 852 1246 924 «Ca-

83 1000 88 1010 ·
136 992 152 1031 o
178 964 329 1037 vendum
347 972 444 1037 est...
472 987 515 1036 ne
536 972 596 1037 ant
617 987 755 1059 vesper,
783 972 844 1037 aut
865 987 1061 1060 vesperum,
1088 975 1148 1040 aut
1166 991 1247 1040 ves-

136 1097 158 1147 u
177 1102 275 1174 pera,
297 1081 466 1175 pluralem
484 1103 666 1153 numerum
679 1079 810 1152 habere
830 1087 1006 1174 putentur.
1025 1082 1126 1155 Unde
1141 1084 1248 1155 miror

136 1224 151 1262 α
178 1196 350 1291 quomodo
363 1197 501 1291 quidam
512 1196 754 1291 procacissime
765 1219 869 1268 ausus
881 1197 925 1269 sit
938 1197 1053 1270 dicere
1068 1221 1244 1294 vesperes¹

135 1339 152 1378 «
178 1318 213 1383 et
225 1335 293 1383 uon
308 1311 419 1383 solum
428 1311 597 1407 pluralem
611 1318 792 1408 numerum
802 1319 924 1385 contra
938 1336 1074 1385 omnem
1090 1315 1246 1387 ordinem

136 1455 151 1493 (ι
178 1428 415 1521 rationemque
435 1427 684 1499 confusibiliter
701 1427 904 1523 adsumpsit,
925 1452 1047 1500 verum
1068 1432 1172 1502 etiam
1187 1455 1248 1525 ge·

131 1573 150 1616 c
176 1566 241 1619 nus
263 1543 374 1638 ipsum
403 1545 567 1638 corrupit,
589 1567 651 1637 pro
676 1544 824 1615 neutrali
848 1545 1075 1618 masculinum
1099 1570 1244 1641 ponens.

135 1686 151 1725 «
178 1658 248 1730 Sed
279 1658 475 1731 huiusmodi
496 1660 561 1731 viri
589 1683 729 1747 nomen,
755 1660 836 1754 quia
862 1660 987 1733 nobilis
1014 1670 1067 1734 est
1099 1670 1134 1734 et
1163 1666 1248 1759 satis

135 1802 152 1840 c
175 1775 301 1864 clarae,
319 1781 354 1848 et
372 1775 487 1846 multis
505 1776 595 1847 forte
611 1775 685 1846 eius
699 1775 879 1868 displiceat
893 1776 1050 1867 infamia,
1065 1779 1247 1852 manifeste
1323 1825 1328 1835 ·
1347 1823 1351 1830 ·

135 1919 151 1957 o
177 1891 324 1984 prodere
339 1885 441 1978 nolo,
456 1892 661 1985 praesertim
674 1915 754 1963 cum
764 1891 832 1964 hoc
846 1892 959 1963 fassus
973 1892 1029 1981 sit,
1051 1917 1121 1965 non
1136 1896 1248 1968 solum

132 2033 149 2075 c
178 2006 356 2078 audaciter
374 2006 436 2079 sed
449 2014 485 2078 et
497 2008 681 2078 temerarie
695 2030 732 2079 se
748 2007 886 2095 dixisse,
909 2015 944 2078 et
957 2009 1082 2081 faciem
1096 2033 1194 2083 suam
1212 2013 1248 2083 in

133 2151 151 2192 (ι
178 2113 290 2194 sinum
311 2144 426 2194 meum
448 2124 653 2218 porrexerit.
676 2122 746 2209 Sed
768 2123 811 2195 de
835 2123 902 2195 hoc
921 2124 995 2196 viro
1014 2126 1098 2197 satis
1116 2127 1159 2198 sit
1178 2119 1268 2199 dic·-

137 2266 152 2305 o
178 2237 271 2310 tum²
291 2265 325 2309 o.
347 2238 474 2335 Vesper
491 2246 608 2311 tamen
628 2239 806 2310 masculini
821 2240 961 2333 generis
980 2248 1067 2312 erat.

177 2356 198 2425 J
201 2354 349 2428 udicium
363 2355 503 2449 Virgilii
521 2354 679 2440 afferam,
697 2355 817 2449 inquo
837 2355 920 2426 satis
934 2364 1080 2450 apparet
1098 2367 1246 2452 quorum

129 2471 259 2542 nitatur
284 2471 489 2543 auctoritate
520 2471 738 2564 scriptorum,
765 2477 800 2541 et
827 2472 999 2566 quomodo
1028 2480 1139 2544 artem
1164 2498 1246 2547 nes-

128 2587 241 2658 ciendi
254 2576 405 2680 prudens
419 2585 603 2681 aliquando
618 2586 792 2658 adhibeat.
821 2616 837 2653 «
851 2587 939 2660 Sunt
953 2589 1011 2682 qui
1024 2596 1147 2684 putant
1160 2614 1244 2685 pro-

129 2732 146 2769 «
176 2703 429 2775 nominalium»
445 2703 538 2798 [lege
553 2724 741 2798 pronomen
760 2702 891 2798 olibel«
909 2703 1110 2797 genetivum
1127 2729 1245 2779 casum

128 2849 144 2884 «
173 2818 317 2907 habere,
340 2818 432 2914 quod
449 2819 603 2912 putative
616 2819 730 2912 potius
745 2841 848 2912 quam
862 2819 1113 2892 rationabiliter
1136 2828 1239 2892 u'sur-

128 2965 144 3002 «
173 2941 291 3029 patum
311 2933 521 3008 credendum
547 2941 610 3006 est.
632 2934 799 3006 Nonnulli
819 2934 911 3006 enim
928 2934 977 3006 ita
996 2933 1239 3009 declinandum

131 3083 147 3117 (ι
177 3059 296 3123 rentur
316 3050 384 3124 hoc
412 3072 616 3144 pronomen,
635 3049 722 3130 alius
748 3049 835 3121 alius
854 3049 913 3121 ali.
944 3050 1048 3121 Multi
1073 3051 1178 3122 etiam
1196 3053 1245 3125 ita

130 3198 146 3234 «
176 3167 362 3253 declinant,
385 3166 472 3238 alius
487 3165 533 3236 ali
547 3165 627 3236 alio.
646 3164 811 3236 Nonnulli
823 3165 1145 3239 commentabantur
1157 3167 1245 3240 alius

130 3314 146 3350 «
177 3282 241 3354 alis
254 3283 326 3354 sive
341 3281 476 3353 alionis.
489 3281 559 3352 Sed
577 3280 665 3352 hacc
678 3280 847 3351 omniaex
864 3280 960 3352 nulla
980 3289 1076 3354 certa.
1090 3284 1245 3355 auctori·
1343 3359 1346 3364 ,

131 3430 148 3465 «
176 3404 248 3470 tate
263 3404 425 3491 poterunt
442 3396 627 3490 adprobari
645 3417 652 3466 :
670 3418 781 3490 neque
801 3396 893 3467 enim
911 3395 1098 3487 Ciceronis,
1120 3398 1241 3488 nonis,

131 3544 148 3581 «
177 3513 329 3600 Catonis,
341 3513 489 3606 Vergilii
507 3511 627 3584 Asiani
642 3517 701 3583 a'nt
709 3511 800 3599 illius
809 3512 964 3601 Troiani,
979 3518 1040 3585 aut
1052 3512 1241 3608 Galbungi,

165 3835 191 3886 1.
214 3830 334 3887 Classis.
347 3835 499 3887 auctorum
509 3835 530 3885 t.
545 3829 579 3900 V,
595 3847 624 3904 p.
641 3833 685 3886 25.

165 3924 190 3975 2.
214 3919 335 3977 classic.
349 3925 510 3990 auctorum,
523 3926 543 3977 t.
565 3920 600 3990 V,
618 3937 647 3994 p.
663 3923 711 3991 103
728 3920 882 3995 Appendix
894 3919 931 3978 ad
944 3934 1034 3995 opera
1046 3919 1124 3978 edita
1138 3920 1175 3979 ab
1187 3921 1245 3978 An-

129 4009 195 4085 gelo
205 4007 287 4081 Maio,
300 4024 329 4083 p.
348 4011 409 4066 117.
