2738 4936
686 215 845 277 -50-

250 375 396 472 plidam,
433 399 500 471 quo
530 376 696 470 Virgilius
728 378 865 448 utitur:
907 407 922 441 (t
946 378 1018 448 sive
1058 378 1151 448 enim
1183 385 1318 473 propter

258 522 273 557 «
292 492 412 586 ipsam
427 490 572 586 glifiam,
592 498 629 563 ut
647 491 778 564 seilicet
790 492 939 563 lectores
957 491 1167 586 impediant¹
1188 522 1204 558 »
1233 493 1318 566 idem

255 630 376 679 sensus
395 615 448 679 est
468 631 572 702 quam
597 607 632 678 in
656 608 766 679 altero
789 609 898 679 nostri
921 608 1018 679 loco:
1053 639 1069 674 «
1092 616 1236 704 propter
1263 609 1320 681 de-

258 753 273 787 «
302 746 419 794 eorem
447 722 791 818 aedificationemque
816 724 1079 818 eloquentiae...
1102 723 1131 795 si
1159 725 1209 795 illi
1236 725 1321 826 didi-

258 869 274 905 «
303 839 414 911 oerint
447 838 537 910 hano
579 845 722 926 sectam,
757 863 827 910 non
867 840 1023 911 solum...
1044 839 1144 911 'nihil
1181 838 1322 912 honoris

258 985 274 1021 «
303 954 495 1026 reverentia
508 954 709 1048 inpendent,
733 977 853 1026 uerum
867 955 1015 1029 etiam...
1038 962 1221 1028 ornatores
1245 979 1322 1028 suos

258 1101 273 1136 α
302 1068 481 1143 laniabunt
494 1065 518 1141 ².
543 1098 558 1134 u

206 1184 336 1281 *possi
356 1184 382 1256 f.
405 1183 466 1270 29,
489 1206 551 1278 pro
571 1184 702 1278 possiti.

204 1300 338 1396 ‘glutin
358 1297 525 1396 (syllabae
541 1308 620 1371 sunt
641 1300 753 1392 glutin
767 1299 971 1390 litterarum,
990 1302 1016 1372 1.
1038 1302 1083 1374 13
1106 1307 1141 1373 v⁰
1149 1324 1159 1389 3
1181 1303 1323 1397 conglu-

252 1418 359 1504 tinae,
375 1416 411 1486 in
426 1414 503 1486 eod.
521 1415 690 1503 Vindob,
704 1417 870 1501 Huemer,
884 1417 954 1490 Die
965 1417 1159 1514 Epidamno,
1173 1441 1208 1511 p.
1223 1418 1321 1512 533).

204 1539 318 1619 natur,
336 1531 361 1601 1.
389 1530 445 1612 la,
466 1531 490 1602 l.
517 1529 573 1618 14,
595 1554 657 1625 pro
673 1538 797 1620 natura
813 1513 922 1625 (abl).

203 1647 291 1733 silla,
309 1646 335 1718 1.
360 1645 405 1717 13
423 1657 479 1734 v0,
496 1647 520 1716 i.
543 1669 575 1717 6.
593 1647 728 1742 syllaba
754 1644 871 1742 (abl.);
895 1648 1074 1742 syllarum,
1098 1670 1185 1741 gen.
1214 1649 1321 1742 plur„

123 1822 125 1826 ,
253 1762 278 1832 1.
306 1761 361 1832 14.
380 1760 433 1832 ef.
451 1761 582 1832 oambr.
600 1760 683 1833 sill?

258 1907 274 1944 «
304 1877 477 1972 Syllarum
496 1883 637 1948 naturas
659 1876 734 1971 quis
752 1877 854 1948 facile
873 1877 1044 1973 intellegit
1057 1903 1135 1950 oum
1154 1884 1229 1950 tam
1243 1901 1324 1973 sepe

209 2024 225 2060 «
254 1999 429 2064 motantur
447 1999 526 2065 uta
548 1993 685 2064 nemine
710 1992 1011 2086 deprhendantur
1030 1994 1110 2089 quia
1132 1994 1324 2065 seeundum

208 2139 224 2176 «
252 2109 379 2202 pedum
393 2116 520 2180 statum
538 2107 707 2179 flexibiles
721 2114 800 2179 sunt
817 2108 944 2179 etenim
963 2110 1152 2181 seeundum
1171 2109 1323 2182 necessi·

208 2254 224 2290 «
252 2231 360 2296 tatem
385 2222 695 2295 mensurandorum
723 2224 849 2317 pedum
869 2224 911 2294 de
936 2225 1069 2296 duabus
1092 2224 1236 2320 syllabis
1255 2248 1323 2296 una

207 2371 224 2407 «
253 2339 400 2412 efficitur
418 2345 454 2410 et
471 2339 579 2431 longa
596 2347 743 2409 uocatur
771 2346 808 2411 ut
835 2339 916 2410 audi
941 2340 1030 2411 uade
1050 2340 1131 2411 aula
1153 2369 1187 2430 »,
1213 2341 1240 2412 f.
1263 2340 1319 2412 14.

204 2455 286 2527 Non
306 2455 349 2526 de
378 2452 520 2525 elisione
539 2452 627 2524 haee
646 2453 813 2547 Virgilius
845 2454 984 2527 tradere
1003 2455 1152 2542 videtur,
1174 2454 1253 2544 sed,
1285 2463 1323 2527 ut

205 2569 340 2663 opinor,
371 2569 414 2639 de
445 2568 584 2662 vulgari
604 2568 754 2661 quadam
779 2576 814 2641 et
844 2570 1056 2664 expeditiore
1075 2571 1323 2665 pronuntiandi

204 2684 321 2772 modo,
332 2684 368 2756 in
383 2706 450 2778 quo
465 2683 605 2754 ultimae
620 2684 805 2755 verborum
820 2685 975 2780 syllabae
991 2709 1060 2756 non
1075 2685 1320 2758 audiebantur.

204 2799 256 2871 of.
282 2829 298 2866 «
327 2798 467 2893 figuluS,
488 2821 559 2871 non
586 2796 690 2892 figel;
722 2799 903 2890 barbarus,
926 2824 996 2873 non
1012 2801 1142 2874 barbar
1162 2829 1195 2891 »,
1227 2798 1319 2900 App.

203 2914 325 2988 Probi.
690 2952 696 2961 ·

251 3137 313 3208 IV.
342 3137 394 3207 De
410 3158 554 3230 genere,
570 3159 713 3207 numero
730 3145 765 3208 et
784 3136 1011 3209 declinatione
1027 3137 1119 3231 apud
1132 3136 1323 3232 Virgilium

202 3252 237 3323 in
256 3252 374 3323 codiee
394 3250 552 3322 Parisino
566 3252 654 3323 haec
668 3253 873 3345 praesertim
887 3253 1041 3352 notanda
1059 3258 1150 3324 sunt.

249 3365 480 3438 Masoulinum
498 3389 561 3459 pro
574 3366 739 3437 neutrali:
763 3397 779 3432 «
808 3369 878 3438 Xll
893 3368 984 3462 signi
1005 3396 1038 3455 n,
1055 3369 1080 3438 1.
1108 3367 1152 3439 18
1170 3375 1219 3457 v⁰‚
1237 3370 1260 3440 i.
1286 3394 1318 3442 e.

202 3482 319 3576 signa3
346 3512 361 3547 «
384 3482 539 3560 omnis...
559 3480 716 3552 animalis
735 3489 794 3552 aut
813 3483 937 3570 auis»,
959 3484 984 3553 1.
1007 3484 1055 3555 22
1069 3489 1117 3555 v⁰.

248 3597 421 3669 Neutrum
436 3618 497 3689 pro
517 3594 725 3668 masculino:
748 3626 763 3662 «
781 3597 964 3670 articulum
993 3607 1046 3672 est
1067 3627 1099 3687 u,
1117 3598 1142 3668 1.
1166 3597 1216 3670 28
1227 3621 1237 3687 ;
1270 3602 1319 3674 61.

236 3900 261 3954 1.
281 3896 436 3970 Appendia
451 3895 491 3953 ad
504 3911 594 3968 opera
607 3897 688 3954 edita
702 3898 739 3955 ab
752 3898 859 3969 Aopeto
875 3899 967 3968 Maio,
979 3917 1008 3972 p.
1026 3902 1086 3954 130.

236 3990 260 4042 2.
282 3987 325 4044 cf.
344 3987 481 4054 Haemon,
498 3985 553 4041 Die
567 3986 732 4057 Epitomaa
747 4006 776 4061 p.
792 3989 853 4043 515.
