2760 4912
674 220 832 282 ..56-

241 385 333 456 Usus
353 391 405 456 est
423 389 540 454 noster
558 380 673 453 verbis
692 380 922 478 mupnissc‘mo,
940 381 966 452 f.
993 382 1037 454 13
1055 391 1102 471 v⁰,
1133 392 1169 457 et
1186 385 1315 457 medre-

191 501 276 572 simc
291 499 390 587 ibid,
410 499 434 570 i.
462 521 493 570 e.
516 497 676 584 minim03
707 519 770 590 pre
803 494 1031 584 *meritissima
1058 499 1158 593 quasi
1183 500 1315 572 medie-

193 616 343 688 crc'ssimo
355 618 370 687 l
383 614 439 686 An
453 636 516 708 pre
535 610 771 700 modicissima,
789 612 827 684 cf
836 613 1017 701 .Roensch,
1039 613 1131 686 Itala
1145 617 1220 688 und
1232 615 1317 690 Vul-

190 743 286 830 petu,
301 753 336 825 p.
359 728 545 803 3343362
621 763 623 767 ·

242 848 363 919 Pauca
377 844 524 940 denique
551 844 593 915 de
622 842 909 923 declinationibus
941 844 1032 938 apud
1046 845 1234 940 Virgilium
1248 847 1317 919 ad-

194 961 309 1035 denda
328 967 431 1034 sunt:
548 1045 550 1048 y
944 1026 948 1032 .

243 1076 412 1171 utriusqui
430 1075 576 1161 numeri,
597 1074 623 1145 f.
654 1073 702 1146 27
730 1081 765 1146 v⁰
777 1095 786 1161 ;
812 1075 936 1170 utriqui
955 1098 1113 1164 numere,
1136 1076 1161 1147 f.
1195 1077 1244 1150 22
1265 1085 1313 1151 v⁰.

244 1200 301 1267 ar's
320 1191 482 1287 quadam,
503 1191 529 1261 f.
550 1190 607 1263 17.

245 1311 306 1381 hoe
328 1306 475 1403 [verba]‚
493 1306 519 1377 f.
541 1304 603 1378 32.

249 1456 266 1492 «
295 1416 423 1496 Nescio
433 1422 497 1517 'qui
516 1421 735 1494 actoritatern
748 1420 945 1492 animantur
968 1449 984 1487 »
1006 1422 1031 1493 f.
1055 1424 1157 1512 12,1.
1179 1424 1216 1514 5,
1238 1426 1279 1515 6,
1291 1427 1321 1527 i.

197 1566 230 1613 e.
253 1562 321 1635 qua
354 1538 559 1610 auctoritate
577 1559 587 1625 3
613 1566 629 1603 α
651 1536 709 1631 qui
732 1536 806 1607 uiro
824 1564 856 1623 u,
893 1566 908 1603 u
931 1537 990 1632 qui
1008 1539 1198 1629 muliere»,
1225 1572 1241 1608 u
1261 1544 1320 1636 qui

206 1684 221 1725 u
247 1657 355 1728 uerbo
378 1683 411 1742 a,
429 1653 455 1724 f.
476 1653 545 1741 273
572 1652 618 1724 cf.
644 1649 828 1749 Appendic
847 1648 895 1724 ud
914 1664 1015 1749 opera
1029 1653 1116 1727 editu
1130 1655 1172 1728 ub
1185 1654 1321 1754 Anpelo

198 1756 303 1861 Mein,
325 1794 359 1865 p.
386 1769 473 1856 1263
496 1768 556 1864 qui
573 1791 635 1862 pro
655 1790 754 1864 quae,
780 1768 863 1839 fem.
886 1768 1015 1862 legitur
1034 1771 1126 1865 apud
1144 1772 1317 1862 Roensch‚

198 1887 291 1962 Itala
304 1884 377 1958 und
397 1884 557 1982 Vulputu,
570 1907 604 1979 p.
618 1884 703 1971 276,
714 1881 800 1971 520,
814 1884 1109 1979 utsrancogallice
1125 1888 1186 1982 qui
1197 1889 1322 1962 utrius-

202 2027 268 2100 que
284 2001 424 2098 generis
439 2008 503 2073 est.

156 2115 164 2128 ‘
253 2149 269 2185 «
298 2117 330 2190 Α
348 2117 524 2190 ueteribus
542 2115 759 2188 declinantur
778 2115 836 2186 dui
855 2116 1001 2187 duorum
1016 2116 1091 2190 duis
1107 2118 1193 2190 duas
1208 2144 1229 2191 a
1244 2121 1322 2193 duis

205 2266 221 2302 «
251 2235 349 2307 sicet
368 2233 474 2321 ambi,
494 2231 622 2305 rectius
636 2239 753 2303 autem
781 2231 997 2303 declinantur
1023 2231 1091 2305 duo
1106 2234 1211 2307 duum
1230 2236 1321 2308 duo-

206 2382 222 2419 «
251 2352 315 2423 bus
329 2351 452 2421 duosa
470 2348 604 2420 duobus
623 2347 672 2420 sic
692 2347 844 2419 etalio»
868 2344 962 2444 (lege
982 2346 1094 2446 umbe)
1119 2380 1134 2416 α
1157 2352 1322 2426 ambuum

126 2541 129 2545 ,
207 2499 223 2535 u
252 2466 420 2539 ambobus
442 2493 475 2554 »,
492 2464 518 2535 f.
535 2463 583 2536 27
595 2471 644 2534 v⁰-.

252 2579 476 2654 Nominativo
502 2578 562 2651 dui
583 2578 814 2651 conferendae
834 2587 913 2650 sunt
939 2579 1073 2653 formae
1091 2582 1325 2676 francogalli-
1365 2630 1369 2635 -

205 2721 268 2771 cae
287 2695 416 2784 ament,
439 2694 556 2782 aedui,
573 2718 673 2790 prov.
690 2692 859 2767 ambacuc.

131 2904 134 2907 ι
254 2812 443 2887 Genetivue
461 2810 566 2883 duum
595 2811 755 2908 occurrit,
772 2811 798 2881 s.
832 2810 876 2906 15
894 2820 929 2882 v⁰
949 2811 1065 2904 (duum
1083 2812 1221 2905 pedum)
1242 2820 1278 2885 et
1295 2816 1322 2885 f.

206 2931 253 3003 27
272 2937 309 3000 v⁰
338 2929 462 3023 (duum.
481 2926 688 3022 generum);
716 2925 765 2998 sic
797 2934 831 2998 et
858 2915 927 3021 ap.
941 2926 1111 3016 Reensch,
1140 2927 1331 3004 [talananci

213 3045 373 3142 Vulpem,
391 3068 425 3138 p.
456 3043 547 3130 2773
571 3043 615 3114 ci.
644 3039 814 3131 duumvir,
845 3042 916 3114 ubi'
930 3040 1035 3114 duum
1059 3044 1241 3136 genetivus
1256 3052 1323 3134 est,

208 3162 296 3234 sicut
310 3160 411 3232 trium
430 3159 466 3230 in
481 3159 649 3230 triumuir.

257 3282 375 3371 genet.
393 3271 476 3346 sein.
494 3272 652 3361 duarum,
673 3273 699 3344 f.
717 3273 777 3345 23.

257 3398 375 3486 genet.
398 3388 610 3468 duumdccim
621 3411 800 3486 penarum,
813 3389 838 3459 f.
865 3389 922 3476 12,
941 3390 964 3460 l.
986 3389 1042 3460 ll.

257 3531 332 3580 acc.
355 3506 418 3589 dus
436 3528 505 3593 res,
522 3505 548 3575 f.
563 3503 612 3575 20
630 3513 677 3576 v⁰.

260 3652 277 3688 »
306 3621 517 3715 Utrique...
553 3620 727 3707 dicebant,
757 3643 820 3714 pro
848 3643 933 3713 ege,
967 3621 1056 3692 mius
1088 3620 1347 3714 accipiendum·

213 3770 229 3804 «
259 3761 335 3810 esse
355 3745 391 3808 et
404 3737 452 3807 sic
471 3735 727 3823 declinandum,
748 3736 848 3821 mius,
871 3735 938 3806 mei
954 3735 1009 3805 vel
1027 3735 1105 3824 mis,
1126 3735 1275 3806 mihi...
1307 3766 1323 3802 »

107 3940 135 3951 .‚
211 3853 334 3945 (Clusa.
357 3863 445 3924 auct.
462 3859 492 3922 t.
514 3851 560 3939 V,
578 3875 617 3944 p.
643 3848 723 3947 22).
746 3881 761 3917 «
776 3851 947 3921 Intermei
961 3850 1091 3922 velmis
1108 3872 1115 3921 :
1134 3851 1198 3922 mis
1213 3869 1328 3945 quan-

212 3999 228 4034 «
258 3970 301 4040 de
321 3968 365 4040 ab
385 3967 499 4061 aliquo
515 3988 616 4059 spero
631 3966 833 4059 promissam
849 3973 1030 4038 venturam
1043 3989 1117 4038 rem
1123 3987 1133 4054 3
1148 3966 1217 4038 mei
1234 3969 1329 4061 quod
