2760 4912
606 177 765 240 ..54-

537 372 550 406 Ο

484 456 636 502 losaculva
655 457 777 501 NOMINA.

175 600 327 670 «Bonus
346 597 497 669 etbonis
522 604 666 690 uterque
692 596 728 666 in
751 619 815 669 sua
833 595 1065 670 declinatione
1087 603 1248 696 repperi-

126 745 143 782 «
170 721 227 786 tur
249 742 265 779 »
289 711 492 810 (sequuntur
511 713 670 806 exempla
692 712 917 784 formarum«
952 714 1061 788 bones
1081 716 1177 788 uiros
1210 747 1244 805 o,

126 860 142 898 «
171 836 325 902 sanctem
344 828 489 900 deorum
508 828 711 931 cultorem»
734 857 749 893 u
767 828 1022 930 perfectam...
1057 831 1170 902 uirum
1192 831 1244 930 a),

78 936 80 943 ’
127 976 143 1013 a
171 946 291 1017 Nonse
314 972 330 1009 a
354 942 396 1040 (i.
423 966 459 1014 e.
486 941 594 1038 nosce)
619 973 634 1008 a
657 944 773 1037 itaque
792 943 959 1016 debemus
975 946 1066 1040 quod
1081 969 1124 1018 ea
1138 948 1247 1041 paulo

127 1092 143 1128 a
171 1060 306 1133 rariora
320 1066 400 1131 sunt
419 1065 454 1130 et
472 1057 539 1129 hoc
558 1057 719 1130 doctores
731 1067 1019 1152 possueruntuon
1033 1085 1101 1155 quc
1116 1085 1248 1135 nocere

128 1207 145 1244 a
174 1175 296 1248 uellint
314 1173 526 1246 auditoribus
546 1174 617 1244 suis
643 1174 704 1244 sed
730 1175 912 1267 proficere,
934 1184 972 1247 ut
1000 1199 1078 1249 cum
1096 1177 1178 1250 hoec
1211 1179 1249 1250 in

129 1322 145 1358 α
175 1313 296 1363 eorum
324 1288 559 1360 uidauerimus
578 1288 738 1383 operibus
771 1290 936 1361 inscribta
967 1299 1133 1386 tanquam
1165 1295 1251 1367 trita

129 1437 145 1473 «
175 1414 212 1479 et
225 1405 367 1499 cognita
384 1404 513 1474 inussu
525 1403 735 1476 habeamus.
760 1434 775 1469 »
793 1405 823 1475 f.
851 1406 900 1477 26
914 1427 923 1494 ;
937 1407 987 1479 cf.
1009 1408 1086 1478 cod.
1104 1409 1249 1498 Nanc,

126 1521 323 1615 Collignon,
345 1543 384 1613 p.
409 1520 474 1591 al.
496 1519 644 1591 Videtur
657 1527 775 1592 noster
789 1520 845 1592 hic
860 1523 1044 1611 erravisse,
1066 1546 1145 1595 oum
1160 1547 1251 1596 con-

126 1637 298 1713 fusionem
317 1635 586 1707 declinationum
609 1635 645 1705 in
664 1635 844 1732 adjectivis
868 1638 1063 1711 nominibus
1081 1662 1103 1710 a
1130 1640 1254 1713 docto-

126 1752 221 1824 ribus
233 1751 469 1844 excogitatam
497 1773 573 1822 esse
602 1751 830 1823 existimaret.
858 1752 914 1823 cf.
955 1752 1071 1843 doctis,
1092 1756 1250 1847 sincerae,

128 1875 214 1957 etc,
234 1865 600 1954 nonannoeane
617 1866 777 1964 Vulpem,
800 1892 835 1961 p.
853 1869 927 1940 274
943 1891 952 1957 3
971 1877 1005 1941 ct
1020 1867 1118 1943 sicin
1133 1872 1252 1943 nomi-

127 1983 227 2056 nibus
242 1981 428 2071 diaconem,
445 1981 647 2071 daemones,
665 1990 757 2071 etc.,
777 1984 865 2054 ibid.
892 2007 931 2079 p.
956 1971 1045 2056 262.

178 2099 307 2171 Nescio
349 2121 394 2170 an
434 2121 551 2170 errore
578 2097 728 2192 quodam
757 2100 922 2193 scriptum
954 2100 998 2171 sit
1034 2130 1050 2166 «
1085 2101 1251 2176 inusitate

133 2247 149 2284 «
165 2215 256 2288 enim
275 2213 444 2286 latinitate
462 2242 494 2300 »,
512 2213 548 2283 in
562 2213 640 2284 cod.
664 2215 793 2303 Paris,
813 2215 843 2285 f.
863 2215 920 2304 la,
938 2216 962 2288 l.
986 2215 1042 2304 13,
1055 2240 1118 2311 pro
1133 2218 1169 2288 in
1183 2221 1253 2290 usi-

17 2366 20 2371 *
130 2342 210 2419 tato,
229 2337 264 2402 et
281 2359 296 2395 o
320 2330 356 2400 in
372 2329 540 2401 latinitate
549 2328 673 2401 usitate
692 2357 724 2417 »‚
741 2329 777 2401 iu
794 2330 875 2402 cod.
898 2331 1248 2426 Nanc.,Collignon,

180 2561 359 2643 Quaedam
386 2560 561 2654 adjectiva
589 2560 729 2632 nomina
756 2563 832 2656 Jam
859 2563 894 2633 in
926 2585 1035 2636 aurea
1069 2564 1252 2638 latinitatis

131 2683 245 2751 aetate
260 2683 296 2748 et
309 2675 344 2746 in
362 2676 403 2747 -a'c
422 2675 505 2747 etin
519 2669 806 2771 -aadesinobant,
825 2685 863 2750 ut
881 2677 1000 2750 hilaris
1032 2687 1068 2752 et
1094 2679 1227 2752 bilorna
1239 2705 1258 2771 ;ι

131 2794 200 2867 alia
219 2815 323 2864 unam
342 2792 377 2863 in
404 2814 546 2886 graeca,
569 2791 716 2863 alteram
747 2794 783 2863 in
802 2793 909 2865 latina
933 2795 1055 2888 lingua
1080 2797 1251 2870 termina-

129 2909 260 2982 tionem
287 2907 477 2995 habebant,
507 2914 544 2980 ut
576 2906 702 2999 ὁμαλός,
729 2908 866 2980 cimilia.
907 2911 947 2980 lu
973 2911 1097 2982 celtica
1128 2912 1252 3006 lingua

131 3024 287 3099 confusio
307 3022 478 3126 quaedam
497 3021 748 3116 adjectivorum
775 3025 811 3094 in
840 3046 889 3096 os
909 3026 993 3096 etin
1007 3028 1050 3098 -2'3
1068 3021 1162 3099 facta
1182 3036 1246 3114 est,

133 3165 169 3212 e.
197 3163 238 3233 g.
264 3150 372 3211 mutos
396 3168 412 3203 a
434 3138 544 3208 bonus
566 3165 582 3202 o
612 3139 713 3232 (unde
736 3163 864 3210 nomen
891 3141 1128 3231 Teate-matoc,
1157 3143 1252 3236 apud

133 3254 329 3345 Caesarem)
367 3252 615 3324 nominativum
657 3277 792 3347 quoque
836 3255 945 3327 *mutis
988 3257 1122 3346 habuit,
1157 3259 1252 3351 quod

132 3376 271 3443 vetusta
293 3367 472 3441 hibernica
493 3390 561 3439 vox
589 3368 696 3439 moilla
710 3370 839 3441 indicat
859 3368 917 3468 (τ.-
936 3370 1059 3461 *motta
1083 3379 1120 3445 at
1139 3395 1253 3466 gene-

134 3487 223 3558 tivus
237 3481 290 3558 est
303 3482 410 3556 matth
424 3482 578 3572 :matt
595 3506 615 3553 a
635 3494 743 3555 matos
758 3485 880 3557 ductus
892 3486 931 3578 ¹).

172 3859 196 3909 1.
214 3853 256 3912 of.
274 3854 306 3910 E.
335 3852 496 3923 Windisch,
523 3853 734 3925 Karapefasstc
763 3855 872 3910 irtscbc
900 3854 1092 3926 Grammatilt,
1123 3856 1252 3932 Leipzig,

136 3946 215 4013 1879,
231 3959 259 4018 p.
280 3945 334 4014 34;
354 3940 481 4018 Whitley
496 3942 605 4011 Stolos,
622 3941 711 3999 Celtic
722 3942 895 4013 declaration,
910 3962 938 4020 p.
954 3947 998 4014 32,
1015 3948 1057 4000 10.
