2760 4912
693 213 852 275 -ffi-

216 407 232 443 α
261 398 342 472 cape
360 397 442 448 nam
456 375 538 448 cessi
555 381 590 446 et
608 397 733 447 seuera
744 375 780 439 »¹
799 373 894 471 (lege
909 389 941 449 et
959 377 1094 475 cetere).
1112 379 1203 458 Quid
1221 381 1331 475 sigui-

210 491 291 564 ficet
309 489 536 584 Virgilianus‚
553 498 590 562 ut
617 498 714 584 puto,
735 513 855 562 versus
868 490 946 580 iste,
959 500 1019 564 aut
1031 495 1145 588 potius
1172 495 1333 568 dimidius

210 629 331 678 versus
351 603 446 703 (uam
460 628 574 678 versus
592 605 684 699 apud
702 613 857 677 nostrum
871 629 933 701 pro
948 608 1085 705 stropha
1101 610 1253 704 ponitur,
1276 612 1333 683 vel

210 721 407 818 rhythmica
420 721 604 809 sententia,
617 728 655 792 ut
669 723 873 793 monstravit
886 722 967 795 Joh.
982 722 1166 822 Huemer),
1179 748 1250 797 uon
1265 727 1333 798 ha·

212 837 277 909 beo
297 837 426 910 dicere.
766 834 768 838 ’

263 982 280 1018 «
298 952 365 1024 Hic
383 981 399 1017 »
423 951 550 1047 [Meris
570 951 713 1039 scilicet,
736 952 843 1025 idest
866 953 1039 1048 Maevius]
1072 985 1088 1021 «
1115 957 1332 1050 eloquentis-

214 1098 230 1134 «
259 1068 382 1140 simum
406 1089 547 1139 carmen
571 1067 606 1138 iu
630 1076 708 1139 octo
732 1075 850 1161 partes
876 1068 1040 1142 orationis
1062 1071 1180 1160 edidit,
1206 1073 1242 1143 in
1262 1097 1333 1168 quo

212 1213 228 1249 «
257 1182 335 1255 haec
348 1183 415 1256 ait:
437 1181 654 1277 participium
672 1183 812 1277 generis
831 1207 932 1255 omna
952 1191 1023 1257 tam
1041 1209 1083 1257 ex
1102 1189 1209 1259 verbo
1225 1212 1333 1282 quam

212 1329 228 1365 «
258 1299 363 1370 etiam
394 1322 438 1371 ex
471 1298 609 1370 uomiue
642 1300 914 1393 comparativum
948 1302 1195 1395 rectogradum
1224 1305 1334 1376 trahit

212 1445 228 1481 α
257 1416 351 1486 iure:
375 1415 436 1486 sed
457 1421 493 1486 et
506 1414 753 1507 superlativum
769 1415 892 1487 eodem
911 1424 1066 1511 receptat
1080 1442 1175 1489 mora
1195 1447 1228 1487 ».
1249 1419 1333 1515 (Ap-

199 1529 333 1629 pendia
347 1528 394 1602 ud
408 1553 509 1627 opera
527 1528 615 1602 edita
629 1528 670 1601 ab
685 1527 817 1626 Aupelo
833 1531 944 1620 Maia,
967 1556 1003 1627 p.
1027 1533 1105 1620 145,
1125 1534 1209 1626 §dl
1228 1535 1332 1613 Quod

208 1670 363 1736 carmen,
379 1647 466 1718 sicut
475 1646 544 1717 alia
558 1669 579 1717 a
593 1645 742 1739 Virgilio
753 1654 870 1719 nostro
880 1647 1034 1737 laudata,
1051 1657 1207 1721 veterum
1218 1659 1332 1722 artem

207 1764 387 1835 metricam
410 1763 548 1833 minime
575 1767 690 1850 curat;
717 1769 852 1834 constat
875 1771 1037 1857 quattuor
1064 1765 1244 1838 versiculis
1272 1768 1330 1862 qui

207 1880 395 1951 secuudum
410 1900 537 1950 novam
557 1884 592 1948 et
610 1878 706 1970 vulgi
730 1877 869 1950 auribus
888 1880 1120 1972 gratissimam
1138 1891 1331 1955 consuetu-

206 2018 287 2067 uem
304 1995 425 2067 iisdem
445 1995 538 2067 sonis
553 1993 624 2065 bini
642 1992 824 2065 desinunt:

422 2214 611 2289 participium
631 2214 749 2284 generis
768 2230 854 2271 omne

419 2304 491 2360 Tam
510 2319 546 2358 ex
564 2302 653 2358 verbo
673 2317 762 2374 quam
782 2303 871 2358 etiam
890 2319 925 2359 ex
945 2320 1046 2360 nomae

421 2391 657 2466 Comparaiivum
675 2390 882 2462 rectogradum
899 2391 989 2448 trahit
1003 2394 1085 2451 iure:

418 2480 475 2538 Sed
494 2486 522 2538 et
541 2480 752 2555 superlativum
772 2479 874 2538 eodem
893 2485 1023 2555 receptat
1043 2499 1130 2541 mure.

255 2682 396 2757 Nemee
409 2704 471 2776 pro
490 2681 627 2753 nomine
645 2687 727 2752 tunc
746 2680 911 2774 temporis
937 2705 1006 2752 non
1024 2680 1230 2756 insolentius
1250 2694 1330 2758 erat

206 2822 309 2894 quam
333 2796 476 2870 domnus
501 2821 563 2892 pro
602 2795 780 2884 dominus;
799 2802 834 2867 et
857 2797 987 2868 vocalis
1025 2798 1099 2869 oin
1121 2823 1144 2869 a
1170 2807 1328 2874 mutatae

207 2916 318 3012 (mure
348 2938 411 3008 pro
439 2912 545 3010 more)
584 2913 692 2984 multa
726 2911 917 2984 videbimus
950 2912 1108 3007 exempla
1139 2915 1175 2985 in
1212 2919 1329 3012 capite

205 3031 322 3102 tertie.

254 3146 350 3218 Nihil
372 3146 509 3240 repperi
538 3144 630 3239 quod
655 3143 840 3237 Virgilium
867 3145 1133 3236 grammaticum
1157 3146 1329 3221 historica

206 3261 382 3356 scripsisse
403 3283 510 3354 opera
525 3260 748 3331 demonstret.

243 3572 268 3622 1.
291 3567 362 3622 Cod.
381 3569 516 3635 Parisiu.,
534 3569 552 3620 f.
565 3572 608 3631 lt,
621 3579 660 3620 νο.
