<?xml version="1.0" encoding="UTF-8"?>
<!DOCTYPE html PUBLIC "-//W3C//DTD XHTML 1.0 Transitional//EN"
    "http://www.w3.org/TR/xhtml1/DTD/xhtml1-transitional.dtd">
<html xmlns="http://www.w3.org/1999/xhtml" xml:lang="en" lang="en">
 <head>
  <title>
</title>
<meta http-equiv="Content-Type" content="text/html;charset=utf-8" />
  <meta name='ocr-system' content='tesseract 3.04.00' />
  <meta name='ocr-capabilities' content='ocr_page ocr_carea ocr_par ocr_line ocrx_word'/>
</head>
<body>
  <div class='ocr_page' id='page_1' title='image "./devirgiliomaron00ernagoog_0018.png"; bbox 0 0 2738 4936; ppageno 0'>
   <div class='ocr_carea' id='block_1_1' title="bbox 608 227 768 289">
    <p class='ocr_par' dir='ltr' id='par_1_1' title="bbox 608 227 768 289">
     <span class='ocr_line' id='line_1_1' title="bbox 608 227 768 289; baseline -0.013 -15"><span class='ocrx_word' id='word_1_1' title='bbox 608 227 768 289; x_wconf 82' lang='lat'>..15-</span> 
     </span>
    </p>
   </div>
   <div class='ocr_carea' id='block_1_2' title="bbox 118 386 1252 3024">
    <p class='ocr_par' dir='ltr' id='par_1_2' title="bbox 118 386 1248 1172">
     <span class='ocr_line' id='line_1_2' title="bbox 173 386 1245 486; baseline -0.002 -22"><span class='ocrx_word' id='word_1_2' title='bbox 173 391 317 486; x_wconf 88' lang='lat' dir='ltr'>Virgilii</span> <span class='ocrx_word' id='word_1_3' title='bbox 342 412 450 484; x_wconf 94' lang='lat' dir='ltr'>opera</span> <span class='ocrx_word' id='word_1_4' title='bbox 466 389 631 484; x_wconf 90' lang='lat' dir='ltr'>primum¹</span> <span class='ocrx_word' id='word_1_5' title='bbox 656 389 700 459; x_wconf 90' lang='lat' dir='ltr'>ab</span> <span class='ocrx_word' id='word_1_6' title='bbox 719 386 857 481; x_wconf 85' lang='lat' dir='ltr'>Angelo</span> <span class='ocrx_word' id='word_1_7' title='bbox 881 388 992 477; x_wconf 92' lang='lat' dir='ltr'>Maio,</span> <span class='ocrx_word' id='word_1_8' title='bbox 1017 412 1108 462; x_wconf 92' lang='lat' dir='ltr'>anno</span> <span class='ocrx_word' id='word_1_9' title='bbox 1132 391 1245 462; x_wconf 90' lang='lat' dir='ltr'>mille-</span> 
     </span>
     <span class='ocr_line' id='line_1_3' title="bbox 122 503 1246 600; baseline -0.004 -19"><span class='ocrx_word' id='word_1_10' title='bbox 122 509 215 582; x_wconf 86' lang='lat' dir='ltr'>simo</span> <span class='ocrx_word' id='word_1_11' title='bbox 244 504 530 600; x_wconf 89' lang='lat' dir='ltr'>octingentesimo</span> <span class='ocrx_word' id='word_1_12' title='bbox 549 503 721 577; x_wconf 90' lang='lat' dir='ltr'>tricesimo</span> <span class='ocrx_word' id='word_1_13' title='bbox 747 503 863 591; x_wconf 87' lang='lat' dir='ltr'>tertio,</span> <span class='ocrx_word' id='word_1_14' title='bbox 885 503 1008 598; x_wconf 89' lang='lat' dir='ltr'>partim</span> <span class='ocrx_word' id='word_1_15' title='bbox 1036 505 1127 600; x_wconf 84' lang='lat' dir='ltr'>typis</span> <span class='ocrx_word' id='word_1_16' title='bbox 1145 528 1246 577; x_wconf 89' lang='lat' dir='ltr'>man-</span> 
     </span>
     <span class='ocr_line' id='line_1_4' title="bbox 123 618 1248 716; baseline -0.004 -19"><span class='ocrx_word' id='word_1_17' title='bbox 123 625 212 696; x_wconf 87' lang='lat' dir='ltr'>data</span> <span class='ocrx_word' id='word_1_18' title='bbox 233 623 370 694; x_wconf 89' lang='lat' dir='ltr'>Romae</span> <span class='ocrx_word' id='word_1_19' title='bbox 401 618 616 716; x_wconf 90' lang='lat' dir='ltr'>prodierunt.</span> <span class='ocrx_word' id='word_1_20' title='bbox 650 618 776 691; x_wconf 88' lang='lat' dir='ltr'>Varias</span> <span class='ocrx_word' id='word_1_21' title='bbox 803 626 926 712; x_wconf 86' lang='lat' dir='ltr'>postea</span> <span class='ocrx_word' id='word_1_22' title='bbox 951 620 1171 714; x_wconf 79' lang='lat' dir='ltr'><strong>quaestiones</strong></span> <span class='ocrx_word' id='word_1_23' title='bbox 1202 621 1248 693; x_wconf 90' lang='lat' dir='ltr'>ad</span> 
     </span>
     <span class='ocr_line' id='line_1_5' title="bbox 122 732 1245 834; baseline -0.003 -23"><span class='ocrx_word' id='word_1_24' title='bbox 122 762 210 812; x_wconf 92' lang='lat' dir='ltr'>eum</span> <span class='ocrx_word' id='word_1_25' title='bbox 231 737 443 834; x_wconf 81' lang='lat' dir='ltr'>pertinentes</span> <span class='ocrx_word' id='word_1_26' title='bbox 474 741 711 807; x_wconf 82' lang='lat' dir='ltr'>tractaverunt</span> <span class='ocrx_word' id='word_1_27' title='bbox 741 733 897 805; x_wconf 87' lang='lat' dir='ltr'>nonnulli</span> <span class='ocrx_word' id='word_1_28' title='bbox 936 732 1065 806; x_wconf 86' lang='lat' dir='ltr'>latinae</span> <span class='ocrx_word' id='word_1_29' title='bbox 1089 735 1245 830; x_wconf 79' lang='lat' dir='ltr'>linguae,</span> 
     </span>
     <span class='ocr_line' id='line_1_6' title="bbox 118 848 1246 951; baseline -0.004 -24"><span class='ocrx_word' id='word_1_30' title='bbox 118 860 188 951; x_wconf 79' lang='lat' dir='ltr'>aut</span> <span class='ocrx_word' id='word_1_31' title='bbox 203 852 351 948; x_wconf 81' lang='lat' dir='ltr'>gallicae</span> <span class='ocrx_word' id='word_1_32' title='bbox 365 849 506 939; x_wconf 87' lang='lat' dir='ltr'>veteris,</span> <span class='ocrx_word' id='word_1_33' title='bbox 522 857 583 922; x_wconf 91' lang='lat' dir='ltr'>aut</span> <span class='ocrx_word' id='word_1_34' title='bbox 595 848 867 943; x_wconf 84' lang='lat' dir='ltr'>francogallicae</span> <span class='ocrx_word' id='word_1_35' title='bbox 879 848 1021 922; x_wconf 80' lang='lat' dir='ltr'>studiosi</span> <span class='ocrx_word' id='word_1_36' title='bbox 1029 871 1039 937; x_wconf 90' lang='lat'>;</span> <span class='ocrx_word' id='word_1_37' title='bbox 1052 873 1117 922; x_wconf 91' lang='lat' dir='ltr'>nec</span> <span class='ocrx_word' id='word_1_38' title='bbox 1131 873 1246 944; x_wconf 86' lang='lat' dir='ltr'>gram·</span> 
     </span>
     <span class='ocr_line' id='line_1_7' title="bbox 122 963 1247 1055; baseline -0.002 -15"><span class='ocrx_word' id='word_1_39' title='bbox 122 969 333 1041; x_wconf 86' lang='lat' dir='ltr'>maticorum</span> <span class='ocrx_word' id='word_1_40' title='bbox 340 964 558 1055; x_wconf 85' lang='lat' dir='ltr'>tantum,sed</span> <span class='ocrx_word' id='word_1_41' title='bbox 574 972 609 1037; x_wconf 93' lang='lat' dir='ltr'>et</span> <span class='ocrx_word' id='word_1_42' title='bbox 621 963 864 1036; x_wconf 88' lang='lat' dir='ltr'>historicorum</span> <span class='ocrx_word' id='word_1_43' title='bbox 873 963 1107 1038; x_wconf 90' lang='lat' dir='ltr'>curiositatem</span> <span class='ocrx_word' id='word_1_44' title='bbox 1129 974 1247 1038; x_wconf 85' lang='lat' dir='ltr'>noster</span> 
     </span>
     <span class='ocr_line' id='line_1_8' title="bbox 123 1081 544 1172; baseline -0.012 -16"><span class='ocrx_word' id='word_1_45' title='bbox 123 1083 250 1172; x_wconf 81' lang='lat' dir='ltr'>mouit,</span> <span class='ocrx_word' id='word_1_46' title='bbox 270 1105 342 1154; x_wconf 92' lang='lat' dir='ltr'>non</span> <span class='ocrx_word' id='word_1_47' title='bbox 359 1081 544 1152; x_wconf 89' lang='lat' dir='ltr'>immerito.</span> 
     </span>
    </p>

    <p class='ocr_par' dir='ltr' id='par_1_3' title="bbox 123 1195 1251 2680">
     <span class='ocr_line' id='line_1_9' title="bbox 176 1195 1247 1293; baseline -0.001 -22"><span class='ocrx_word' id='word_1_48' title='bbox 176 1199 342 1272; x_wconf 88' lang='lat' dir='ltr'>Poeticos</span> <span class='ocrx_word' id='word_1_49' title='bbox 356 1219 492 1292; x_wconf 92' lang='lat' dir='ltr'>quoque</span> <span class='ocrx_word' id='word_1_50' title='bbox 512 1204 547 1269; x_wconf 90' lang='lat' dir='ltr'>et</span> <span class='ocrx_word' id='word_1_51' title='bbox 559 1195 742 1268; x_wconf 90' lang='lat' dir='ltr'>historicos</span> <span class='ocrx_word' id='word_1_52' title='bbox 761 1217 783 1266; x_wconf 88' lang='lat' dir='ltr'>a</span> <span class='ocrx_word' id='word_1_53' title='bbox 801 1195 949 1289; x_wconf 80' lang='lat' dir='ltr'>Virgilio</span> <span class='ocrx_word' id='word_1_54' title='bbox 969 1203 1086 1269; x_wconf 89' lang='lat' dir='ltr'>nostro</span> <span class='ocrx_word' id='word_1_55' title='bbox 1102 1220 1247 1293; x_wconf 87' lang='lat' dir='ltr'>compo-</span> 
     </span>
     <span class='ocr_line' id='line_1_10' title="bbox 123 1310 1250 1388; baseline -0.003 -1"><span class='ocrx_word' id='word_1_56' title='bbox 123 1314 327 1388; x_wconf 84' lang='lat' dir='ltr'>sitosfnisse</span> <span class='ocrx_word' id='word_1_57' title='bbox 337 1312 444 1384; x_wconf 89' lang='lat' dir='ltr'>libros</span> <span class='ocrx_word' id='word_1_58' title='bbox 458 1311 623 1384; x_wconf 88' lang='lat' dir='ltr'>censebat</span> <span class='ocrx_word' id='word_1_59' title='bbox 636 1311 688 1382; x_wconf 88' lang='lat' dir='ltr'>vir</span> <span class='ocrx_word' id='word_1_60' title='bbox 703 1310 893 1383; x_wconf 85' lang='lat' dir='ltr'>eruditione</span> <span class='ocrx_word' id='word_1_61' title='bbox 907 1310 1115 1384; x_wconf 88' lang='lat' dir='ltr'>clarissimus</span> <span class='ocrx_word' id='word_1_62' title='bbox 1135 1314 1250 1384; x_wconf 81' lang='lat' dir='ltr'>Julius</span> 
     </span>
     <span class='ocr_line' id='line_1_11' title="bbox 125 1412 1245 1526; baseline -0.004 -23"><span class='ocrx_word' id='word_1_63' title='bbox 125 1429 320 1512; x_wconf 86' lang='lat' dir='ltr'>Quicherat</span> <span class='ocrx_word' id='word_1_64' title='bbox 341 1425 592 1526; x_wconf 77' lang='lat' dir='ltr'>(Bibliotlrdque</span> <span class='ocrx_word' id='word_1_65' title='bbox 610 1425 651 1498; x_wconf 88' lang='lat' dir='ltr'>de</span> <span class='ocrx_word' id='word_1_66' title='bbox 674 1412 808 1499; x_wconf 75' lang='lat' dir='ltr'>lEcole</span> <span class='ocrx_word' id='word_1_67' title='bbox 825 1424 881 1498; x_wconf 79' lang='lat' dir='ltr'>des</span> <span class='ocrx_word' id='word_1_68' title='bbox 899 1425 1055 1517; x_wconf 75' lang='lat' dir='ltr'>Chartae,</span> <span class='ocrx_word' id='word_1_69' title='bbox 1081 1430 1124 1499; x_wconf 72' lang='lat'>1¹⁰</span> <span class='ocrx_word' id='word_1_70' title='bbox 1144 1430 1245 1516; x_wconf 86' lang='lat' dir='ltr'>se&#39;rie,</span> 
     </span>
     <span class='ocr_line' id='line_1_12' title="bbox 126 1540 1250 1640; baseline -0.003 -22"><span class='ocrx_word' id='word_1_71' title='bbox 126 1554 153 1618; x_wconf 89' lang='lat' dir='ltr'>t.</span> <span class='ocrx_word' id='word_1_72' title='bbox 182 1546 228 1634; x_wconf 91' lang='lat' dir='ltr'>II,</span> <span class='ocrx_word' id='word_1_73' title='bbox 258 1543 474 1616; x_wconf 72' lang='lat' dir='ltr'>islo-1841.</span> <span class='ocrx_word' id='word_1_74' title='bbox 504 1567 538 1637; x_wconf 88' lang='lat' dir='ltr'>p.</span> <span class='ocrx_word' id='word_1_75' title='bbox 573 1540 770 1640; x_wconf 81' lang='lat'>130-143);</span> <span class='ocrx_word' id='word_1_76' title='bbox 803 1543 894 1614; x_wconf 89' lang='lat' dir='ltr'>hanc</span> <span class='ocrx_word' id='word_1_77' title='bbox 917 1549 1033 1615; x_wconf 90' lang='lat' dir='ltr'>tamen</span> <span class='ocrx_word' id='word_1_78' title='bbox 1053 1544 1250 1638; x_wconf 86' lang='lat' dir='ltr'>opinionem</span> 
     </span>
     <span class='ocr_line' id='line_1_13' title="bbox 126 1657 1246 1754; baseline -0.001 -21"><span class='ocrx_word' id='word_1_79' title='bbox 126 1685 199 1733; x_wconf 90' lang='lat' dir='ltr'>non</span> <span class='ocrx_word' id='word_1_80' title='bbox 220 1659 314 1732; x_wconf 92' lang='lat' dir='ltr'>omni</span> <span class='ocrx_word' id='word_1_81' title='bbox 328 1657 541 1731; x_wconf 87' lang='lat' dir='ltr'>dubitatione</span> <span class='ocrx_word' id='word_1_82' title='bbox 565 1681 685 1730; x_wconf 87' lang='lat' dir='ltr'>carere</span> <span class='ocrx_word' id='word_1_83' title='bbox 710 1657 855 1747; x_wconf 85' lang='lat' dir='ltr'>sciebat,</span> <span class='ocrx_word' id='word_1_84' title='bbox 878 1667 916 1730; x_wconf 87' lang='lat' dir='ltr'>ul</span> <span class='ocrx_word' id='word_1_85' title='bbox 936 1660 1009 1754; x_wconf 93' lang='lat' dir='ltr'>ipse</span> <span class='ocrx_word' id='word_1_86' title='bbox 1028 1660 1063 1730; x_wconf 88' lang='lat' dir='ltr'>ai</span> <span class='ocrx_word' id='word_1_87' title='bbox 1095 1683 1133 1754; x_wconf 88' lang='lat' dir='ltr'>p.</span> <span class='ocrx_word' id='word_1_88' title='bbox 1164 1659 1246 1751; x_wconf 71' lang='lat'>142,</span> 
     </span>
     <span class='ocr_line' id='line_1_14' title="bbox 130 1774 1249 1870; baseline 0 -22"><span class='ocrx_word' id='word_1_89' title='bbox 130 1776 216 1864; x_wconf 81' lang='lat'>143,</span> <span class='ocrx_word' id='word_1_90' title='bbox 231 1797 334 1870; x_wconf 93' lang='lat' dir='ltr'>quam</span> <span class='ocrx_word' id='word_1_91' title='bbox 353 1798 476 1870; x_wconf 89' lang='lat' dir='ltr'>parum</span> <span class='ocrx_word' id='word_1_92' title='bbox 499 1774 620 1845; x_wconf 91' lang='lat' dir='ltr'>validis</span> <span class='ocrx_word' id='word_1_93' title='bbox 641 1775 798 1868; x_wconf 86' lang='lat' dir='ltr'>quamvis</span> <span class='ocrx_word' id='word_1_94' title='bbox 815 1774 1005 1868; x_wconf 88' lang='lat' dir='ltr'>ingeniosis</span> <span class='ocrx_word' id='word_1_95' title='bbox 1028 1776 1176 1869; x_wconf 90' lang='lat' dir='ltr'>probare</span> <span class='ocrx_word' id='word_1_96' title='bbox 1196 1798 1249 1848; x_wconf 88' lang='lat' dir='ltr'>ar-</span> 
     </span>
     <span class='ocr_line' id='line_1_15' title="bbox 127 1889 1245 1987; baseline 0.002 -25"><span class='ocrx_word' id='word_1_97' title='bbox 127 1891 305 1987; x_wconf 85' lang='lat' dir='ltr'>gumentis</span> <span class='ocrx_word' id='word_1_98' title='bbox 315 1913 385 1963; x_wconf 92' lang='lat' dir='ltr'>non</span> <span class='ocrx_word' id='word_1_99' title='bbox 394 1890 515 1986; x_wconf 90' lang='lat' dir='ltr'>potuit.</span> <span class='ocrx_word' id='word_1_100' title='bbox 530 1889 624 1968; x_wconf 83' lang='lat' dir='ltr'>Quos</span> <span class='ocrx_word' id='word_1_101' title='bbox 638 1889 745 1961; x_wconf 86' lang='lat' dir='ltr'>refert</span> <span class='ocrx_word' id='word_1_102' title='bbox 755 1913 875 1961; x_wconf 83' lang='lat' dir='ltr'>uersus</span> <span class='ocrx_word' id='word_1_103' title='bbox 883 1889 1031 1983; x_wconf 90' lang='lat' dir='ltr'>Virgilio</span> <span class='ocrx_word' id='word_1_104' title='bbox 1043 1890 1245 1987; x_wconf 74' lang='lat' dir='ltr'>adscriptos</span> 
     </span>
     <span class='ocr_line' id='line_1_16' title="bbox 127 2005 1250 2103; baseline 0 -25"><span class='ocrx_word' id='word_1_105' title='bbox 127 2032 165 2103; x_wconf 92' lang='lat' dir='ltr'>p.</span> <span class='ocrx_word' id='word_1_106' title='bbox 192 2007 273 2095; x_wconf 86' lang='lat'>131,</span> <span class='ocrx_word' id='word_1_107' title='bbox 293 2007 372 2102; x_wconf 84' lang='lat' dir='ltr'>jure</span> <span class='ocrx_word' id='word_1_108' title='bbox 383 2005 614 2099; x_wconf 89' lang='lat' dir='ltr'>ineptissimos</span> <span class='ocrx_word' id='word_1_109' title='bbox 622 2005 772 2098; x_wconf 81' lang='lat' dir='ltr'>judicat3</span> <span class='ocrx_word' id='word_1_110' title='bbox 791 2006 969 2098; x_wconf 90' lang='lat' dir='ltr'>antiquum</span> <span class='ocrx_word' id='word_1_111' title='bbox 979 2013 1096 2076; x_wconf 90' lang='lat' dir='ltr'>tamen</span> <span class='ocrx_word' id='word_1_112' title='bbox 1110 2014 1250 2080; x_wconf 87' lang='lat' dir='ltr'>servant</span> 
     </span>
     <span class='ocr_line' id='line_1_17' title="bbox 128 2119 1251 2218; baseline -0.001 -23"><span class='ocrx_word' id='word_1_113' title='bbox 128 2121 285 2218; x_wconf 85' lang='lat' dir='ltr'>rhythmi</span> <span class='ocrx_word' id='word_1_114' title='bbox 303 2144 434 2193; x_wconf 88' lang='lat' dir='ltr'>morem</span> <span class='ocrx_word' id='word_1_115' title='bbox 457 2122 545 2192; x_wconf 90' lang='lat' dir='ltr'>haec</span> <span class='ocrx_word' id='word_1_116' title='bbox 565 2121 632 2191; x_wconf 91' lang='lat' dir='ltr'>dno</span> <span class='ocrx_word' id='word_1_117' title='bbox 653 2119 812 2207; x_wconf 88' lang='lat' dir='ltr'>disticha,</span> <span class='ocrx_word' id='word_1_118' title='bbox 839 2144 940 2214; x_wconf 91' lang='lat' dir='ltr'>quem</span> <span class='ocrx_word' id='word_1_119' title='bbox 966 2127 1085 2193; x_wconf 89' lang='lat' dir='ltr'>noster</span> <span class='ocrx_word' id='word_1_120' title='bbox 1115 2122 1251 2194; x_wconf 83' lang='lat' dir='ltr'>ridetur</span> 
     </span>
     <span class='ocr_line' id='line_1_18' title="bbox 129 2236 1251 2334; baseline 0.001 -26"><span class='ocrx_word' id='word_1_121' title='bbox 129 2261 274 2334; x_wconf 90' lang='lat' dir='ltr'>prorsus</span> <span class='ocrx_word' id='word_1_122' title='bbox 296 2236 525 2330; x_wconf 88' lang='lat' dir='ltr'>ignoravisse.</span> <span class='ocrx_word' id='word_1_123' title='bbox 553 2237 638 2308; x_wconf 89' lang='lat' dir='ltr'>Cum</span> <span class='ocrx_word' id='word_1_124' title='bbox 661 2236 704 2306; x_wconf 90' lang='lat' dir='ltr'>de</span> <span class='ocrx_word' id='word_1_125' title='bbox 726 2259 764 2306; x_wconf 89' lang='lat' dir='ltr'>re</span> <span class='ocrx_word' id='word_1_126' title='bbox 788 2238 932 2309; x_wconf 89' lang='lat' dir='ltr'>metrica</span> <span class='ocrx_word' id='word_1_127' title='bbox 955 2238 1046 2330; x_wconf 86' lang='lat' dir='ltr'>apud</span> <span class='ocrx_word' id='word_1_128' title='bbox 1064 2237 1251 2332; x_wconf 87' lang='lat' dir='ltr'>Virgilium</span> 
     </span>
     <span class='ocr_line' id='line_1_19' title="bbox 129 2351 1251 2448; baseline 0.002 -24"><span class='ocrx_word' id='word_1_129' title='bbox 129 2353 397 2448; x_wconf 89' lang='lat' dir='ltr'>grammaticum</span> <span class='ocrx_word' id='word_1_130' title='bbox 431 2351 512 2423; x_wconf 82' lang='lat' dir='ltr'>Joh.</span> <span class='ocrx_word' id='word_1_131' title='bbox 552 2352 707 2422; x_wconf 89' lang='lat' dir='ltr'>Huemer</span> <span class='ocrx_word' id='word_1_132' title='bbox 744 2352 871 2445; x_wconf 90' lang='lat' dir='ltr'>optime</span> <span class='ocrx_word' id='word_1_133' title='bbox 909 2353 1145 2447; x_wconf 85' lang='lat' dir='ltr'>disputaverit,</span> <span class='ocrx_word' id='word_1_134' title='bbox 1182 2354 1251 2426; x_wconf 83' lang='lat' dir='ltr'>D&#39;e</span> 
     </span>
     <span class='ocr_line' id='line_1_20' title="bbox 131 2466 1250 2566; baseline 0.001 -25"><span class='ocrx_word' id='word_1_135' title='bbox 131 2468 360 2566; x_wconf 81' lang='lat' dir='ltr'>Epitomoe...</span> <span class='ocrx_word' id='word_1_136' title='bbox 379 2491 413 2562; x_wconf 89' lang='lat' dir='ltr'>p.</span> <span class='ocrx_word' id='word_1_137' title='bbox 435 2466 614 2556; x_wconf 75' lang='lat' dir='ltr'>oso-558,</span> <span class='ocrx_word' id='word_1_138' title='bbox 632 2489 743 2561; x_wconf 89' lang='lat' dir='ltr'>pauca</span> <span class='ocrx_word' id='word_1_139' title='bbox 762 2475 895 2538; x_wconf 89' lang='lat' dir='ltr'>tantum</span> <span class='ocrx_word' id='word_1_140' title='bbox 916 2469 1073 2563; x_wconf 90' lang='lat' dir='ltr'>exempla</span> <span class='ocrx_word' id='word_1_141' title='bbox 1089 2470 1250 2542; x_wconf 85' lang='lat' dir='ltr'>observa·</span> 
     </span>
     <span class='ocr_line' id='line_1_21' title="bbox 130 2583 699 2680; baseline -0.002 -25"><span class='ocrx_word' id='word_1_142' title='bbox 130 2584 283 2656; x_wconf 86' lang='lat' dir='ltr'>tionibus</span> <span class='ocrx_word' id='word_1_143' title='bbox 296 2584 372 2680; x_wconf 86' lang='lat' dir='ltr'>ejus</span> <span class='ocrx_word' id='word_1_144' title='bbox 387 2583 514 2655; x_wconf 88' lang='lat' dir='ltr'>addere</span> <span class='ocrx_word' id='word_1_145' title='bbox 530 2584 613 2654; x_wconf 90' lang='lat' dir='ltr'>satis</span> <span class='ocrx_word' id='word_1_146' title='bbox 627 2590 699 2654; x_wconf 88' lang='lat' dir='ltr'>est:</span> 
     </span>
    </p>

    <p class='ocr_par' dir='ltr' id='par_1_4' title="bbox 134 2697 1252 3024">
     <span class='ocr_line' id='line_1_22' title="bbox 184 2697 1249 2796; baseline 0.008 -31"><span class='ocrx_word' id='word_1_147' title='bbox 184 2731 200 2766; x_wconf 74' lang='grc' dir='ltr'>α</span> <span class='ocrx_word' id='word_1_148' title='bbox 229 2699 332 2771; x_wconf 88' lang='lat' dir='ltr'>Multi</span> <span class='ocrx_word' id='word_1_149' title='bbox 350 2700 384 2769; x_wconf 91' lang='lat' dir='ltr'>in</span> <span class='ocrx_word' id='word_1_150' title='bbox 403 2699 470 2770; x_wconf 91' lang='lat' dir='ltr'>hoo</span> <span class='ocrx_word' id='word_1_151' title='bbox 490 2707 644 2792; x_wconf 89' lang='lat' dir='ltr'>tempore</span> <span class='ocrx_word' id='word_1_152' title='bbox 664 2699 734 2767; x_wconf 90' lang='lat' dir='ltr'>uim</span> <span class='ocrx_word' id='word_1_153' title='bbox 748 2697 1085 2796; x_wconf 84' lang='lat' dir='ltr'>deffendentiamque</span> <span class='ocrx_word' id='word_1_154' title='bbox 1103 2702 1163 2772; x_wconf 93' lang='lat' dir='ltr'>sed</span> <span class='ocrx_word' id='word_1_155' title='bbox 1182 2704 1249 2773; x_wconf 88' lang='lat' dir='ltr'>ha-</span> 
     </span>
     <span class='ocr_line' id='line_1_23' title="bbox 134 2814 1250 2911; baseline 0.007 -30"><span class='ocrx_word' id='word_1_156' title='bbox 134 2847 150 2881; x_wconf 86' lang='lat'>«</span> <span class='ocrx_word' id='word_1_157' title='bbox 180 2839 258 2887; x_wconf 89' lang='lat' dir='ltr'>rum</span> <span class='ocrx_word' id='word_1_158' title='bbox 277 2838 316 2887; x_wconf 89' lang='lat' dir='ltr'>ce</span> <span class='ocrx_word' id='word_1_159' title='bbox 336 2817 461 2886; x_wconf 87' lang='lat' dir='ltr'>artium</span> <span class='ocrx_word' id='word_1_160' title='bbox 476 2815 678 2907; x_wconf 85' lang='lat' dir='ltr'>ignorantes</span> <span class='ocrx_word' id='word_1_161' title='bbox 692 2814 726 2883; x_wconf 91' lang='lat' dir='ltr'>in</span> <span class='ocrx_word' id='word_1_162' title='bbox 742 2814 895 2885; x_wconf 85' lang='lat' dir='ltr'>rehtoria</span> <span class='ocrx_word' id='word_1_163' title='bbox 912 2839 1038 2909; x_wconf 88' lang='lat' dir='ltr'>poema</span> <span class='ocrx_word' id='word_1_164' title='bbox 1057 2818 1144 2888; x_wconf 89' lang='lat' dir='ltr'>etin</span> <span class='ocrx_word' id='word_1_165' title='bbox 1164 2840 1250 2911; x_wconf 91' lang='lat' dir='ltr'>poe-</span> 
     </span>
     <span class='ocr_line' id='line_1_24' title="bbox 134 2930 1252 3024; baseline 0.006 -27"><span class='ocrx_word' id='word_1_166' title='bbox 134 2963 150 2997; x_wconf 90' lang='lat'>«</span> <span class='ocrx_word' id='word_1_167' title='bbox 182 2938 275 3002; x_wconf 92' lang='lat' dir='ltr'>mate</span> <span class='ocrx_word' id='word_1_168' title='bbox 295 2931 483 3002; x_wconf 86' lang='lat' dir='ltr'>rehtoriam</span> <span class='ocrx_word' id='word_1_169' title='bbox 506 2930 713 3024; x_wconf 85' lang='lat' dir='ltr'>agglomunt</span> <span class='ocrx_word' id='word_1_170' title='bbox 736 2953 804 3001; x_wconf 90' lang='lat' dir='ltr'>non</span> <span class='ocrx_word' id='word_1_171' title='bbox 825 2930 995 3002; x_wconf 89' lang='lat' dir='ltr'>habentes</span> <span class='ocrx_word' id='word_1_172' title='bbox 1017 2933 1052 3002; x_wconf 90' lang='lat' dir='ltr'>in</span> <span class='ocrx_word' id='word_1_173' title='bbox 1084 2934 1252 3004; x_wconf 88' lang='lat' dir='ltr'>memoria</span> 
     </span>
    </p>
   </div>
   <div class='ocr_carea' id='block_1_3' title="bbox 135 3042 1252 3721">
    <p class='ocr_par' dir='ltr' id='par_1_5' title="bbox 138 3042 1207 3145">
     <span class='ocr_line' id='line_1_25' title="bbox 138 3042 1207 3145; baseline 0.005 -33"><span class='ocrx_word' id='word_1_174' title='bbox 138 3080 154 3113; x_wconf 89' lang='lat'>«</span> <span class='ocrx_word' id='word_1_175' title='bbox 185 3047 265 3141; x_wconf 92' lang='lat' dir='ltr'>quid</span> <span class='ocrx_word' id='word_1_176' title='bbox 280 3045 363 3117; x_wconf 86' lang='lat' dir='ltr'>felix</span> <span class='ocrx_word' id='word_1_177' title='bbox 377 3045 565 3117; x_wconf 85' lang='lat' dir='ltr'>alexander</span> <span class='ocrx_word' id='word_1_178' title='bbox 580 3068 673 3138; x_wconf 91' lang='lat' dir='ltr'>agno</span> <span class='ocrx_word' id='word_1_179' title='bbox 689 3042 765 3115; x_wconf 88' lang='lat' dir='ltr'>rum</span> <span class='ocrx_word' id='word_1_180' title='bbox 783 3046 951 3138; x_wconf 87' lang='lat' dir='ltr'>magister</span> <span class='ocrx_word' id='word_1_181' title='bbox 965 3048 1149 3140; x_wconf 88' lang='lat' dir='ltr'>preciperit</span> <span class='ocrx_word' id='word_1_182' title='bbox 1164 3045 1207 3145; x_wconf 78' lang='lat' dir='ltr'>(z)</span> 
     </span>
    </p>

    <p class='ocr_par' dir='ltr' id='par_1_6' title="bbox 135 3160 1252 3721">
     <span class='ocr_line' id='line_1_26' title="bbox 185 3160 1252 3256; baseline 0.008 -30"><span class='ocrx_word' id='word_1_183' title='bbox 185 3194 200 3227; x_wconf 86' lang='lat'>«</span> <span class='ocrx_word' id='word_1_184' title='bbox 219 3184 424 3256; x_wconf 90' lang='lat' dir='ltr'>unaquaque</span> <span class='ocrx_word' id='word_1_185' title='bbox 445 3185 501 3232; x_wconf 89' lang='lat' dir='ltr'>ars</span> <span class='ocrx_word' id='word_1_186' title='bbox 516 3162 606 3232; x_wconf 86' lang='lat' dir='ltr'>intra</span> <span class='ocrx_word' id='word_1_187' title='bbox 624 3184 704 3232; x_wconf 92' lang='lat' dir='ltr'>suas</span> <span class='ocrx_word' id='word_1_188' title='bbox 723 3160 940 3232; x_wconf 88' lang='lat' dir='ltr'>conteniatur</span> <span class='ocrx_word' id='word_1_189' title='bbox 958 3170 1070 3234; x_wconf 89' lang='lat' dir='ltr'>metas</span> <span class='ocrx_word' id='word_1_190' title='bbox 1088 3185 1131 3233; x_wconf 92' lang='lat' dir='ltr'>ne</span> <span class='ocrx_word' id='word_1_191' title='bbox 1157 3163 1252 3235; x_wconf 91' lang='lat' dir='ltr'>adul·</span> 
     </span>
     <span class='ocr_line' id='line_1_27' title="bbox 136 3276 1250 3373; baseline 0.007 -31"><span class='ocrx_word' id='word_1_192' title='bbox 136 3307 152 3343; x_wconf 88' lang='lat'>«</span> <span class='ocrx_word' id='word_1_193' title='bbox 182 3285 314 3373; x_wconf 84' lang='lat' dir='ltr'>teretur</span> <span class='ocrx_word' id='word_1_194' title='bbox 333 3276 512 3370; x_wconf 82' lang='lat' dir='ltr'>disciplina</span> <span class='ocrx_word' id='word_1_195' title='bbox 530 3276 741 3347; x_wconf 86' lang='lat' dir='ltr'>maiororum</span> <span class='ocrx_word' id='word_1_196' title='bbox 762 3283 797 3346; x_wconf 91' lang='lat' dir='ltr'>et</span> <span class='ocrx_word' id='word_1_197' title='bbox 816 3299 878 3348; x_wconf 90' lang='lat' dir='ltr'>nos</span> <span class='ocrx_word' id='word_1_198' title='bbox 897 3284 981 3371; x_wconf 85' lang='lat' dir='ltr'>aput</span> <span class='ocrx_word' id='word_1_199' title='bbox 1003 3300 1064 3348; x_wconf 93' lang='lat' dir='ltr'>eos</span> <span class='ocrx_word' id='word_1_200' title='bbox 1085 3301 1250 3350; x_wconf 88' lang='lat' dir='ltr'>accusare</span> 
     </span>
     <span class='ocr_line' id='line_1_28' title="bbox 136 3389 1250 3490; baseline 0.007 -32"><span class='ocrx_word' id='word_1_201' title='bbox 136 3424 152 3459; x_wconf 69' lang='grc' dir='ltr'>(ι</span> <span class='ocrx_word' id='word_1_202' title='bbox 181 3399 353 3486; x_wconf 86' lang='lat' dir='ltr'>cogantur</span> <span class='ocrx_word' id='word_1_203' title='bbox 367 3389 412 3490; x_wconf 88' lang='lat'>(;)</span> <span class='ocrx_word' id='word_1_204' title='bbox 429 3391 605 3485; x_wconf 88' lang='lat' dir='ltr'>sepissime</span> <span class='ocrx_word' id='word_1_205' title='bbox 619 3414 736 3463; x_wconf 67' lang='lat' dir='ltr'>stersus</span> <span class='ocrx_word' id='word_1_206' title='bbox 754 3393 823 3462; x_wconf 78' lang='lat' dir='ltr'>mei</span> <span class='ocrx_word' id='word_1_207' title='bbox 834 3392 926 3464; x_wconf 91' lang='lat' dir='ltr'>soliti</span> <span class='ocrx_word' id='word_1_208' title='bbox 943 3393 1138 3466; x_wconf 89' lang='lat' dir='ltr'>meminisse</span> <span class='ocrx_word' id='word_1_209' title='bbox 1159 3418 1250 3466; x_wconf 92' lang='lat' dir='ltr'>com-</span> 
     </span>
     <span class='ocr_line' id='line_1_29' title="bbox 136 3506 1250 3601; baseline 0.005 -28"><span class='ocrx_word' id='word_1_210' title='bbox 136 3539 152 3573; x_wconf 90' lang='lat'>«</span> <span class='ocrx_word' id='word_1_211' title='bbox 182 3506 293 3601; x_wconf 88' lang='lat' dir='ltr'>pellor</span> <span class='ocrx_word' id='word_1_212' title='bbox 311 3530 413 3601; x_wconf 81' lang='lat' dir='ltr'>qum</span> <span class='ocrx_word' id='word_1_213' title='bbox 430 3506 630 3600; x_wconf 84' lang='lat' dir='ltr'>frequenter</span> <span class='ocrx_word' id='word_1_214' title='bbox 648 3507 683 3577; x_wconf 94' lang='lat' dir='ltr'>in</span> <span class='ocrx_word' id='word_1_215' title='bbox 704 3506 1006 3601; x_wconf 84' lang='lat' dir='ltr'>exprobrationem</span> <span class='ocrx_word' id='word_1_216' title='bbox 1028 3508 1137 3580; x_wconf 87' lang='lat' dir='ltr'>nostri</span> <span class='ocrx_word' id='word_1_217' title='bbox 1159 3516 1250 3580; x_wconf 86' lang='lat' dir='ltr'>tern-</span> 
     </span>
     <span class='ocr_line' id='line_1_30' title="bbox 135 3618 1252 3721; baseline 0.008 -34"><span class='ocrx_word' id='word_1_218' title='bbox 135 3653 151 3688; x_wconf 86' lang='lat'>«</span> <span class='ocrx_word' id='word_1_219' title='bbox 170 3622 274 3716; x_wconf 86' lang='lat' dir='ltr'>poris</span> <span class='ocrx_word' id='word_1_220' title='bbox 288 3643 487 3715; x_wconf 86' lang='lat' dir='ltr'>gurgunnm</span> <span class='ocrx_word' id='word_1_221' title='bbox 505 3622 652 3693; x_wconf 87' lang='lat' dir='ltr'>decanto</span> <span class='ocrx_word' id='word_1_222' title='bbox 673 3618 713 3717; x_wconf 84' lang='lat'>(:)</span> <span class='ocrx_word' id='word_1_223' title='bbox 733 3620 821 3693; x_wconf 80' lang='lat' dir='ltr'>muli</span> <span class='ocrx_word' id='word_1_224' title='bbox 842 3620 955 3696; x_wconf 79' lang='lat' dir='ltr'>luctor</span> <span class='ocrx_word' id='word_1_225' title='bbox 976 3645 1019 3695; x_wconf 82' lang='lat' dir='ltr'>no</span> <span class='ocrx_word' id='word_1_226' title='bbox 1042 3647 1096 3695; x_wconf 78' lang='lat' dir='ltr'>res·</span> <span class='ocrx_word' id='word_1_227' title='bbox 1116 3623 1199 3721; x_wconf 68' lang='lat' dir='ltr'>lopo</span> <span class='ocrx_word' id='word_1_228' title='bbox 1209 3647 1252 3696; x_wconf 84' lang='lat' dir='ltr'>ae</span> 
     </span>
    </p>
   </div>
   <div class='ocr_carea' id='block_1_4' title="bbox 133 3891 1251 4064">
    <p class='ocr_par' dir='ltr' id='par_1_7' title="bbox 133 3891 1251 4064">
     <span class='ocr_line' id='line_1_31' title="bbox 169 3891 1251 3967; baseline 0.003 -19"><span class='ocrx_word' id='word_1_229' title='bbox 169 3897 194 3949; x_wconf 88' lang='lat'>1.</span> <span class='ocrx_word' id='word_1_230' title='bbox 217 3894 427 3965; x_wconf 82' lang='lat' dir='ltr'>Fragmentum</span> <span class='ocrx_word' id='word_1_231' title='bbox 437 3897 551 3950; x_wconf 87' lang='lat' dir='ltr'>tentum</span> <span class='ocrx_word' id='word_1_232' title='bbox 561 3892 599 3949; x_wconf 92' lang='lat' dir='ltr'>de</span> <span class='ocrx_word' id='word_1_233' title='bbox 611 3892 663 3948; x_wconf 85' lang='lat' dir='ltr'>Xll</span> <span class='ocrx_word' id='word_1_234' title='bbox 675 3891 866 3948; x_wconf 87' lang='lat' dir='ltr'>latinitatibus</span> <span class='ocrx_word' id='word_1_235' title='bbox 879 3893 990 3951; x_wconf 87' lang='lat' dir='ltr'>editum</span> <span class='ocrx_word' id='word_1_236' title='bbox 1003 3899 1065 3950; x_wconf 88' lang='lat' dir='ltr'>erat</span> <span class='ocrx_word' id='word_1_237' title='bbox 1075 3895 1111 3951; x_wconf 87' lang='lat' dir='ltr'>ab</span> <span class='ocrx_word' id='word_1_238' title='bbox 1121 3895 1251 3967; x_wconf 68' lang='lat' dir='ltr'>brosdo,</span> 
     </span>
     <span class='ocr_line' id='line_1_32' title="bbox 133 3990 357 4064; baseline -0.009 -16"><span class='ocrx_word' id='word_1_239' title='bbox 133 3997 166 4048; x_wconf 89' lang='lat' dir='ltr'>ut</span> <span class='ocrx_word' id='word_1_240' title='bbox 181 3990 357 4064; x_wconf 88' lang='lat' dir='ltr'>supradixi.</span> 
     </span>
    </p>
   </div>
   <div class='ocr_carea' id='block_1_5' title="bbox 0 0 1399 4936">
    <p class='ocr_par' dir='ltr' id='par_1_8' title="bbox 0 0 1399 4936">
     <span class='ocr_line' id='line_1_33' title="bbox 0 0 1399 4936; baseline 0 0"><span class='ocrx_word' id='word_1_241' title='bbox 0 0 1399 4936; x_wconf 95' lang='lat' dir='ltr'> </span> 
     </span>
    </p>
   </div>
  </div>
 </body>
</html>
