2760 4912
615 212 773 277 -23-
868 295 871 300 ¹

136 384 254 450 autem
267 375 390 449 fortior
409 398 451 448 eo
470 375 717 470 superveniens
729 375 851 448 vicerit
868 397 992 448 eum...
1013 404 1046 462 »,
1065 376 1167 465 Luc,
1183 376 1251 465 XI,

136 494 199 581 21,
216 493 276 564 22.

186 606 352 702 Ejusdem
367 606 520 676 Terentii
537 606 634 678 locus
648 608 706 700 qui
719 606 876 693 affertur,
898 605 983 677 Cod.
1006 605 1119 676 Paris.
1140 605 1166 675 f.
1188 605 1251 693 24,

138 755 155 791 α
186 745 293 817 quare
308 744 377 793 non
396 722 583 793 accussatis
601 722 887 815 paenitudinem»
908 722 942 813 (i.
967 745 998 792 e.
1017 721 1122 813 agitis
1136 721 1253 815 paeni·
1297 717 1300 722 ’

133 839 305 928 tentiam),
324 860 517 930 congruere
536 837 672 909 videtur
690 861 768 908 cum
788 837 914 908 Matth.
938 836 1036 923 HL?
1055 861 1062 904 :
1089 866 1105 901 α
1123 836 1254 907 Paeni-

134 954 285 1049 tentiam¹
295 953 403 1046 agite.
431 979 446 1016 »
533 958 536 963 ’

184 1069 279 1139 luter
302 1067 548 1161 grammaticos
573 1067 696 1161 quibus
721 1074 839 1138 noster
864 1074 935 1138 tam
954 1066 1055 1139 unice
1078 1066 1252 1154 studebat,

133 1184 287 1279 quidam,
309 1184 452 1253 forsitan
472 1183 583 1275 primi,
603 1183 763 1276 antiquos
786 1206 890 1254 verae
910 1184 1045 1254 Romae
1070 1181 1255 1275 scriptores

133 1298 257 1370 melius
271 1298 408 1368 novisse
425 1297 618 1367 debuerunt
632 1321 735 1390 quam
749 1298 929 1391 Virgilius
953 1306 991 1369 ut
1014 1297 1168 1391 ipsorum
1188 1320 1255 1368 no-

133 1415 264 1483 minum
290 1415 334 1484 ab
361 1413 410 1483 eis
434 1413 679 1483 sumendorum
707 1412 919 1485 consuetudo
949 1413 1173 1483 demonstrat.
1203 1413 1256 1483 Ita

134 1528 300 1621 explicari
318 1535 434 1622 potest
447 1550 553 1621 quare
574 1528 631 1597 vel
646 1529 738 1621 apud
755 1528 941 1621 Virgilium
964 1529 1146 1599 Romanae
1170 1528 1256 1598 anti·

132 1644 273 1737 quitatis
287 1666 398 1737 pauca
413 1645 584 1736 supersint
598 1644 758 1736 vestigia.
905 1738 906 1742 Ἰ
1091 1631 1092 1634 “

183 1759 266 1837 Quis
279 1760 344 1829 fuit
357 1758 414 1828 ille
440 1789 455 1823 «
477 1759 530 1828 uir
545 1759 683 1851 quidam
703 1760 804 1829 Maro
825 1788 840 1822 »
873 1759 929 1852 qui
948 1753 1087 1829 vivebat
1112 1789 1128 1824 «
1147 1782 1254 1854 prope

139 1906 154 1940 α
185 1874 395 1961 diluuium»,
409 1882 443 1945 et
462 1904 477 1939 α
491 1875 587 1946 cuius
602 1875 804 1967 sapientiam
820 1874 913 1944 nulla
925 1897 1067 1945 narrare
1083 1874 1252 1946 saecula»

132 1996 308 2084 poterunt,
327 2014 348 2060 a
367 2013 434 2083 quo
449 1989 617 2082 Virgilius
632 1999 750 2061 noster
761 1990 918 2060 Maronis
932 2012 1128 2081 cognomen
1143 1990 1250 2075 duxit,

133 2113 172 2176 ut
189 2106 347 2192 vidimus,
364 2129 440 2198 cap.
458 2106 486 2192 l,
507 2115 524 2190 s
544 2106 581 2175 ll
602 2106 789 2184 Quicherat
803 2105 966 2176 censebat
981 2129 1060 2175 eum
1078 2105 1183 2176 fuisse
1207 2106 1249 2177 P.

133 2221 328 2313 Vergilium
360 2217 559 2291 Maronem¹
573 2242 582 2307 3
616 2212 722 2307 recte,
749 2228 787 2291 ut
818 2221 952 2315 opinor.
984 2220 1094 2291 Miror
1119 2227 1253 2292 tantum

133 2360 196 2408 cur
208 2338 315 2407 verbo
332 2335 498 2407 diluuium
512 2337 688 2429 proprium
707 2344 742 2407 et
760 2336 942 2428 vulgarem
961 2359 1099 2406 sensum
1117 2337 1250 2409 tribue-

133 2453 190 2539 rit,
208 2476 285 2522 oum
301 2461 418 2522 cetera
442 2452 557 2522 omnia
577 2459 754 2523 auctorem
778 2475 848 2522 uon
875 2459 969 2522 recte
993 2451 1145 2523 locutum
1174 2476 1249 2524 esse

131 2568 267 2638 viderit.
282 2568 358 2638 Hoc
368 2567 537 2638 vocabulo
548 2568 763 2638 nativitatem
783 2567 907 2638 Christi
917 2574 952 2637 et
963 2567 1081 2637 mundi
1094 2567 1269 2663 redemp-

130 2684 261 2754 tionem
276 2682 475 2753 translative
492 2683 636 2775 exprimi
648 2683 865 2753 crediderim.
885 2682 980 2774 Ergo
996 2683 1148 2771 Aeneas,
1165 2684 1249 2755 Vir-

131 2798 205 2892 gilii
226 2806 443 2891 praeceptor‚
466 2797 594 2892 aliquid
619 2797 661 2867 de
683 2797 866 2868 Mantuani
886 2806 1010 2891 poetae
1038 2799 1246 2887 nominibus

130 2919 245 2984 aetate
266 2921 301 2983 et
320 2913 463 2984 scientia
486 2913 658 2998 audierat3
683 2913 774 3005 quod
804 2912 942 2982 minime
966 2913 1160 2984 mirandum
1180 2922 1244 3000 est,

129 3052 208 3099 cum
223 3028 312 3099 illius
327 3028 439 3121 gloria
453 3035 533 3099 tunc
552 3027 716 3121 temporis
735 3028 826 3120 apud
846 3028 1091 3120 grammaticos
1109 3029 1247 3123 potissie

129 3166 223 3213 mum
238 3143 403 3236 vigeret².

179 3259 243 3336 oui
255 3247 391 3354 primus
412 3257 547 3351 scripsit
571 3258 777 3329 seutentiam
804 3281 907 3352 quam
926 3258 1094 3352 Virgilius
1116 3283 1186 3331 non
1210 3268 1248 3332 ut

129 3396 228 3444 suam
246 3374 366 3460 refert,
389 3374 477 3444 etde
498 3395 566 3465 qua
580 3362 825 3466 supradictum
840 3381 893 3444 est
908 3372 999 3470 (cap.
1022 3374 1069 3462 ll,
1090 3377 1110 3466 ξ
1134 3375 1167 3468 l)

273 3557 328 3619 Qui
344 3556 444 3613 levum
455 3557 552 3613 mellis
564 3573 621 3612 non
638 3562 724 3627 amat,
740 3558 800 3614 odit
812 3563 863 3615 tua
877 3557 1017 3628 carmina,
1032 3554 1133 3628 Macri,

167 3809 191 3859 1.
214 3804 414 3875 Bibliotheque
428 3804 464 3861 de
480 3805 585 3862 l'Eoole
598 3805 650 3862 des
665 3805 796 3877 Chartes,
809 3811 850 3860 1²⁰
866 3806 952 3876 serie,
967 3811 988 3862 t.
1006 3810 1031 3877 2,
1046 3824 1076 3880 p.
1094 3809 1155 3860 141.

167 3897 191 3948 2.
213 3894 256 3950 Cf.
278 3893 373 3964 Virpil
389 3895 429 3947 im
445 3893 617 3949 Miltelolter
632 3912 686 3951 von
698 3896 856 3953 Domenico
868 3896 1046 3968 Comparetti
1100 3896 1247 3953 ubersetzt

129 3999 186 4038 von
203 3981 280 4038 Hans
295 3981 453 4052 Dtitschke,
467 3999 495 4056 p.
514 3986 565 4037 110
576 3999 639 4055 sqq.
